3327 4999
163 342 412 408 MART.
466 343 553 409 26
1052 361 1133 409 ΒΕ
1180 362 1237 410 s.
1291 361 1579 412 musano
1625 361 1827 411 muse.
2510 350 2640 414 515

159 441 574 511 reflectebat.
628 444 707 510 Et
745 441 947 528 quia,
983 442 1228 512 morbo
1272 441 1816 543 ingravescente,
1903 463 1978 511 er
2015 463 2088 512 se
2122 441 2271 532 ipse
2305 442 2531 535 legere
2581 467 2721 515 nou

161 540 468 619 poterat,
522 550 758 599 coram
833 551 906 598 se
967 528 1182 600 libros
1229 529 1503 600 divinos
1551 529 1778 631 legere
1824 553 1864 600 a
1895 530 1999 599 ios
2048 529 2368 612 faciebat,
2444 534 2725 605 Missam

158 630 388 686 tamen
439 616 833 686 incredibili
882 618 1134 689 mentis
1183 619 1418 705 vigore
1464 619 1776 706 quotidie
1823 617 1963 688 fere
2018 618 2088 687 in
2143 619 2272 689 hac
2323 619 2728 691 infirmitate

156 706 548 775 celebravit.
615 706 973 775 Crescebat
1024 705 1356 796 paulatim
1413 708 1700 777 morbus
1734 761 1749 789 ,
1802 718 1870 777 et
1928 707 2187 777 sensim
2242 728 2365 798 per
2412 711 2728 791 membra

156 792 706 863 diffundebatur:
749 793 900 883 jam
952 794 1170 864 virtus
1216 794 1447 864 omnis
1493 795 1856 875 defecerat,
1883 795 2033 886 jam
2066 795 2264 865 dolor
2302 796 2535 866 vitalia
2568 799 2728 887 pul-

155 893 364 962 sarat‚
403 903 565 951 cum
616 892 846 951 tamen
887 882 1123 951 animo
1170 882 1321 974 ipse
1365 883 1667 954 invictus
1714 883 2020 954 duraret.
2092 883 2453 954 Dominica
2484 885 2725 970 -siqui-

155 970 341 1050 dem,
371 991 549 1056 quae
593 969 1035 1040 dormitionis
1061 971 1213 1060 ejus
1245 984 1514 1040 noctem
1549 971 1948 1062 praecessit,
1986 971 2325 1041 immensa
2369 972 2727 1042 devotione

152 1058 229 1127 in
282 1063 547 1138 Deum,
602 1058 1097 1128 inaestimabili
1159 1058 1323 1128 fidei
1372 1058 1635 1130 fervore
1684 1061 1756 1128 in
1822 1058 2098 1130 duabus
2163 1059 2475 1130 ecclesiis
2525 1062 2719 1143 suia,

154 1147 294 1217 sibi
341 1145 720 1215 admodum
771 1146 1144 1237 contiguiS,
1200 1146 1481 1237 publice
1523 1147 1945 1238 praedicavit
1971 1158 2039 1216 et
2071 1146 2321 1217 ultima
2353 1148 2722 1219 Missarum

156 1234 496 1305 solemnia
543 1233 935 1303 celebravit.
990 1233 1261 1316 Quibus
1306 1236 1619 1327 expletis,
1655 1235 1939 1305 creditis
1989 1234 2125 1305 sibi
2172 1236 2421 1306 ovibus
2468 1234 2726 1306 valefa-

154 1322 372 1403 ciens,
426 1332 492 1391 et
537 1321 622 1390 ad
675 1321 858 1391 bona
904 1343 1179 1414 semper
1226 1344 1433 1413 opera
1482 1324 1877 1403 cohortanS,
1930 1323 2393 1415 omnipotenti
2432 1325 2725 1394 Domino

153 1431 273 1481 eas
319 1408 853 1479 commendavit.
906 1415 1065 1479 Post
1104 1410 1272 1479 haec
1321 1432 1634 1482 seorsum
1686 1410 2000 1491 clericis,
2093 1412 2169 1481 ui
2216 1434 2455 1482 secum
2499 1425 2718 1493 erant,

155 1499 573 1568 convocatis:
611 1521 647 1564 «
683 1498 955 1579 Scitote,
1000 1497 1252 1585 inquit,
1306 1498 1529 1578 filioli,
1573 1522 1682 1569 me
1729 1510 1929 1569 nocte
1977 1521 2062 1569 su
2115 1500 2430 1587 sequenti
2460 1499 2546 1570 de
2591 1500 2724 1570 hoc

153 1600 305 1656 esse
338 1585 604 1655 mundo
642 1587 1018 1656 exiturum.
1073 1587 1367 1657 Proinde
1407 1588 1619 1657 nolite
1667 1609 1926 1678 corpus
1985 1608 2216 1657 meum
2272 1588 2341 1656 in
2394 1587 2525 1657 hoc
2573 1587 2724 1658 loco

153 1674 468 1766 sepelire,
512 1673 628 1743 sed
681 1674 766 1742 ad
818 1675 1344 1763 monasterium,
1397 1676 1583 1762 quod
1619 1675 1687 1744 in
1722 1676 2057 1746 Werdcna
2090 1674 2403 1757 fundavi,
2437 1675 2717 1758 deferte,

151 1775 221 1833 et
267 1774 455 1831 extra
512 1761 879 1833 ecclesiam
939 1762 1012 1830 in
1081 1776 1275 1852 parte
1333 1764 1487 1853 ejus
1533 1763 1867 1833 Orientali
1932 1764 2237 1833 humate.
2306 1763 2413 1832 Ibi
2460 1764 2724 1854 quippe

154 1872 269 1919 me
316 1850 501 1919 diem
543 1850 800 1940 judicii
846 1863 1368 1939 expectaturum
1409 1853 1558 1942 jam
1607 1852 1802 1933 olim,
1861 1851 2149 1921 Domino
2198 1851 2565 1932 revelante,
2604 1873 2723 1921 co-

149 1938 388 2094 gnovi.
444 1939 597 2007 Scio
638 1950 867 2008 tamen
916 1938 1203 2007 omnino
1254 1940 1619 2029 populum,
1668 1961 1755 2008 ne
1799 1940 1972 2008 illuc
2018 1938 2391 2021 deferatur,
2446 1952 2720 2009 contra-

205 2027 532 2095 icturum.
603 2026 795 2094 Unde
854 2026 1133 2097 interim
1202 2026 1290 2095 ad
1342 2026 2145 2117 Mimigernafordensem
2198 2028 2303 2115 (a)
2347 2026 2720 2097 ecclesiam

157 2114 641 2204 deportatum,
697 2113 1141 2182 inhumatum
1218 2113 1619 2203 relinquite,
1677 2116 1897 2184 donec
1955 2115 2038 2184 ad
2105 2114 2382 2184 fratrem
2445 2136 2710 2195 meum,

150 2202 673 2272 catalaunensis
719 2200 1050 2271 ecclesiae
1087 2201 1496 2291 episcopum
1531 2202 2044 2304 Hildegrimum
2080 2203 2417 2283 mittatur,
2462 2215 2530 2272 et
2563 2202 2721 2293 ipse

148 2312 315 2359 cum
382 2311 539 2379 rege
586 2302 767 2379 agat,
822 2302 1168 2376 quatenus
1213 2290 1365 2379 ejus
1413 2290 1708 2381 imperio
1756 2314 1827 2360 1n
1886 2302 2268 2360 memorato
2317 2291 2467 2361 loco
2518 2311 2717 2382 sepe-

147 2377 382 2447 liatur.
445 2377 637 2459 Quod
687 2400 768 2445 ex
807 2377 937 2447 hoc
985 2377 1186 2467 signo
1255 2399 1490 2467 regem
1562 2379 2072 2468 permissurum
2124 2378 2451 2449 noveritis
2483 2431 2498 2459 ,
2552 2378 2720 2465 quia

145 2478 304 2556 post
337 2479 623 2536 mortem
676 2486 902 2535 meam
951 2465 1469 2554 aliquantulum
1509 2466 1879 2558 sanguinis
1910 2487 1994 2536 ex
2025 2465 2313 2537 naribus
2354 2466 2530 2536 meis
2563 2487 2720 2557 pro-

145 2554 437 2624 fluxisse
486 2554 875 2624 invenietis.
933 2577 970 2621 »
1359 2599 1368 2608 —

237 2645 275 2729 ἓ
321 2647 470 2714 81.
525 2644 847 2724 Quantus
895 2653 1062 2712 tunc
1111 2641 1342 2712 luctus
1407 2642 1762 2724 omnium,
1812 2653 2121 2729 quantus
2170 2643 2497 2732 planctus
2544 2653 2712 2725 erat,

144 2730 388 2800 audita
435 2731 547 2800 sui
594 2731 1061 2810 destitutione,
1100 2729 1337 2799 audita
1385 2731 1555 2800 tanti
1599 2730 1817 2821 patris
1848 2730 2359 2801 dissolutione?
2403 2734 2563 2820 Ipse
2609 2752 2718 2799 so-

144 2818 285 2898 lus,
327 2818 647 2905 quamvis
696 2819 782 2887 de
819 2840 1058 2888 eorum
1096 2818 1370 2889 tristitia
1401 2819 1686 2898 doleret,
1719 2818 1806 2887 de
1840 2839 2130 2889 suorum
2164 2830 2395 2888 tamen
2426 2830 2714 2888 actuum

142 2907 600 2976 retributione
648 2928 959 2985 securus,
1012 2906 1382 2995 gaudebat,
1436 2919 1503 2976 et
1549 2906 1733 2980 illos,
1786 2917 1866 2977 ut
1929 2906 2047 2975 Dei
2092 2906 2163 2974 in
2216 2906 2347 2975 hoc
2399 2906 2717 2975 volunta—

141 3005 284 3064 tem
356 2994 862 3081 aequanimiter
934 2994 1240 3075 ferrent,
1294 2994 1690 3064 admonuit.
1744 2998 1848 3063 Ita
1917 2993 2106 3080 quod
2170 2993 2519 3080 reliquum
2569 3005 2717 3063 erat

139 3082 308 3162 diei,
366 3081 657 3173 psalmis
703 3095 769 3152 et
806 3082 1238 3151 orationibus
1285 3105 1449 3152 cum
1497 3081 1631 3163 his,
1668 3083 1792 3169 qui
1840 3102 2077 3151 secum
2127 3094 2349 3163 erant,
2385 3103 2715 3151 consum—

139 3171 381 3241 mavit.
434 3175 731 3255 Jamque
779 3181 976 3238 nocte
1026 3170 1412 3259 ingruente,
1465 3170 1690 3240 exitus
1729 3170 1880 3256 ejus
1946 3170 2117 3239 hora
2162 3169 2493 3250 advenit,
2550 3191 2715 3238 cum

137 3260 328 3327 inter
372 3257 715 3327 orationes
772 3269 839 3325 et
887 3256 1234 3346 psalmOS,
1295 3279 1474 3343 quae
1538 3257 1873 3327 hincinde
1932 3258 2020 3326 ab
2086 3257 2477 3327 astantibus
2525 3256 2717 3326 dice—

135 3348 427 3424 bantur,
474 3355 714 3413 sancta
761 3343 881 3412 illa
939 3355 1005 3413 et
1051 3349 1184 3413 Deo
1232 3344 1482 3414 dilecta
1528 3345 1765 3413 anima
1814 3366 2023 3414 carne
2072 3344 2292 3414 soluta
2357 3356 2483 3414 est.
2543 3344 2714 3426 Quis

136 3446 314 3504 tunc
364 3453 436 3501 se
483 3453 525 3499 a
574 3431 902 3519 lacrymis
949 3431 1356 3522 prohibere,
1408 3433 1567 3518 quis
1617 3454 1657 3501 a
1705 3432 1985 3503 fletibus
2035 3443 2422 3522 temperare
2459 3431 2708 3519 quivit,

135 3543 308 3593 cum
358 3520 563 3589 talem
604 3531 1014 3605 tantumque
1061 3517 1488 3589 sacerdotem
1538 3518 1624 3589 de
1673 3519 1939 3589 mundo
2004 3531 2366 3589 exeuntem
2417 3519 2715 3590 videret?

137 3610 431 3679 Flebant
489 3607 614 3693 qui
676 3606 964 3676 aderant
1036 3628 1279 3675 omnes
1314 3662 1331 3688 ,
1383 3618 1449 3675 et
1506 3607 1617 3677 sui
1667 3608 1899 3696 potius
1948 3606 2395 3676 destitutione
2428 3659 2445 3686 ‚
2499 3628 2713 3695 quam

134 3698 294 3785 ejus
335 3707 551 3765 morte
600 3695 1170 3784 ingemiscebant.
1225 3700 1564 3763 Noverant
1611 3694 1799 3763 enim
1842 3715 2003 3764 eum
2054 3706 2222 3763 tunc
2269 3694 2555 3763 demum
2612 3694 2713 3763 la-

131 3787 389 3856 borum
442 3805 729 3854 suorum
783 3783 1093 3873 praemia
1141 3794 1662 3872 percepturum,
1716 3793 1782 3850 et
1830 3803 1903 3853 se
1939 3782 2089 3870 jam
2153 3802 2538 3868 numquam
2613 3794 2714 3851 ta-

131 3896 298 3943 men
330 3895 480 3942 esse
509 3884 851 3963 pastorem
891 3871 1288 3962 adepturos
1325 3870 1517 3939 Unde
1542 3869 1866 3956 quamvis
1895 3869 1981 3938 de
2014 3868 2168 3955 ejus
2209 3868 2713 3959 glorificatione

136 3961 513 4032 certissimi
563 3973 834 4040 essent,
888 3959 975 4029 de
1023 3981 1152 4030 suo
1199 3970 1428 4028 tamen
1480 3957 1895 4027 detrimento
1942 3956 2293 4027 dolebant.
2353 3956 2479 4026 Sed
2533 3961 2712 4026 Deus

182 4125 244 4172 (a)
273 4123 710 4163 Mmmmntmoam·
728 4123 806 4162 vel
824 4122 1246 4166 Minaoannavono
1265 4121 1317 4160 in
1335 4122 1441 4160 loco
1465 4121 1682 4169 sudet-yae
1702 4119 1804 4159 sive
1833 4119 2166 4168 southergawe
2201 4119 2344 4168 (quod
2373 4120 2611 4169 significat
2640 4129 2711 4158 re-

130 4178 322 4227 gtonem
342 4176 400 4215 ad
420 4177 646 4216 Austrum
667 4177 956 4224 vergentem)
973 4173 1203 4214 hodierna
1221 4173 1537 4222 westphaliae
1556 4171 1814 4222 provincia,
1834 4171 1955 4212 'mita
1969 4173 2174 4212 feliciter
2189 4173 2425 4213 Saxonum
2442 4173 2712 4213 Frisorum-

133 4239 232 4279 que
251 4231 575 4273 conversione.
603 4229 977 4268 Christianitatis
1005 4227 1245 4272 Pei-ochis,
1275 4228 1376 4266 aive
1406 4227 1702 4276 Episcopatus
1730 4226 1942 4266 Ecclesia
1967 4227 2075 4271 fult.
2104 4227 2327 4266 Praesule
2356 4227 2561 4275 primum
2596 4227 2709 4264 Her-

135 4293 327 4327 manno,
348 4282 518 4322 deinde
539 4283 581 4322 S.
601 4282 834 4330 Ludgero.
863 4282 980 4321 Cum
1003 4281 1161 4321 nutem
1179 4281 1355 4320 ibidem
1374 4282 1644 4320 extructum
1663 4280 2008 4319 Monasterium
2028 4279 2157 4318 esset
2176 4279 2303 4328 qnod
2318 4280 2437 4320 mire
2452 4279 2501 4318 et
2521 4276 2644 4317 famil
2661 4278 2711 4316 et

139 4335 454 4384 amplitudine
482 4335 706 4380 excrcvlt,
726 4335 876 4383 priori
904 4334 1156 4383 paullatim
1174 4334 1358 4372 exoleto
1378 4333 1624 4377 vocabulo,
1660 4334 2024 4373 Menanter-‘enain
2051 4332 2146 4372 dici
2176 4333 2331 4381 coepit
2363 4334 2412 4372 et
2430 4332 2644 4372 Ecclesia
2661 4331 2711 4369 et

138 4389 320 4429 Civitas
338 4389 453 4437 ipsa.
472 4389 702 4427 Utrumne
721 4387 830 4427 novi
853 4388 1055 4427 nominis
1076 4387 1415 4426 monasterium
1436 4387 1480 4425 8.
1502 4387 1711 4435 Ludgeri
1729 4395 1874 4427 causa
1889 4385 2050 4432 fuerit,
2067 4385 2302 4426 dissident
2333 4387 2563 4426 suctores.
2589 4384 2710 4422 'ren-

140 4440 305 4483 tonicss
323 4444 492 4491 postea
504 4440 899 4491 pronunciatione
925 4440 1158 4483 Muxsrnn
1176 4439 1290 4481 urbs
1309 4440 1383 4481 est
1400 4440 1651 4489 appellata.
