3327 4999
194 333 443 400 MART.
495 335 570 399 221
1029 354 1110 400 nn
1157 354 1213 401 s.
1268 350 1611 401 annumero
1658 351 1902 399 Annus
2527 333 2647 398 42⁴

196 435 376 504 mori
436 435 865 526 dignaretur,
905 457 1137 505 coram
1178 435 1569 505 humilibus
1602 454 1988 523 resurgere:
2027 443 2369 519 quatenus
2415 444 2480 502 et
2517 432 2622 502 illi
2654 434 2757 502 vi-

195 523 438 593 derent
513 523 698 610 quod
745 535 1300 601 contemnerent,
1364 537 1429 592 et
1476 522 1590 591 isti
1636 522 1820 608 quod
1869 534 2271 590 venerantes
2341 542 2574 590 amare
2621 520 2745 589 de-

192 611 533 681 buissent.
573 617 664 680 Ex
702 634 840 698 quo
889 612 1216 700 mysterio
1264 623 1496 681 actum
1544 620 1688 692 est,
1725 621 1803 679 ut
1841 609 2012 676 dum
2064 608 2347 698 superbi
2395 608 2745 697 aspiciunt

192 698 600 800 despectum
661 700 942 779 mortis,
997 698 1297 770 humiles
1343 711 1583 769 contra
1648 707 1938 765 mortem
2006 696 2398 785 acciperent
2444 696 2738 786 gloriam

199 799 580 877 potestatis.

280 878 321 961 ἓ
369 881 516 948 18.
571 879 860 944 Sanctus
905 874 1157 944 deinde
1201 874 1308 942 vir
1353 873 1439 942 ad
1490 872 1625 941 alia
1673 871 2097 961 demigranS,
2142 872 2398 951 locum,
2439 893 2575 941 non
2618 872 2745 940 ho-

152 973 371 1065 ⁰stem
409 963 718 1032 mutavit.
774 968 942 1032 Nam
993 973 1180 1031 tanto
1230 972 1382 1051 post
1430 962 1746 1051 graviora
1796 960 2055 1047 praelia
2108 960 2411 1049 pertulit,
2455 970 2745 1058 ‘quanto

195 1063 439 1119 contra
487 1072 559 1119 se
606 1061 837 1140 aperte
885 1061 1311 1140 pugnantem
1360 1050 1591 1139 ipsum
1633 1047 1937 1116 malitiae
1988 1049 2400 1136 magistrum
2452 1047 2738 1115 invenit.

192 1142 506 1207 Castrum
557 1159 881 1223 namque,
938 1137 1119 1221 quod
1178 1138 1539 1209 cassinum
1589 1135 1868 1214 dicitur,
1927 1136 1999 1202 in
2048 1135 2299 1204 excelsi
2343 1135 2597 1205 montis
2648 1134 2747 1204 la-

193 1237 337 1294 tere
372 1226 578 1294 situm
614 1239 738 1293 est:
773 1226 895 1311 qui
926 1225 1239 1294 videlicet
1270 1247 1468 1294 mons
1498 1223 1804 1291 distenso
1839 1222 1997 1292 sinu
2037 1222 2166 1292 hoc
2211 1223 2393 1291 idem
2433 1237 2748 1291 castrum

190 1314 462 1401 recipit,
518 1313 634 1381 sed
686 1335 807 1401 per
853 1313 984 1382 tria
1019 1313 1238 1381 millia
1288 1313 1355 1380 in
1407 1312 1621 1381 altum
1673 1332 1746 1379 se
1795 1310 2197 1394 subrigens,
2234 1310 2420 1379 velut
2457 1311 2541 1379 ad
2590 1314 2751 1379 aera

190 1404 530 1469 cacumen
574 1400 813 1469 tendit.
869 1400 995 1470 Ubi
1044 1400 1591 1470 vetustissimum
1634 1395 1875 1465 fanum
1928 1396 2080 1477 fuit,
2135 1397 2205 1465 in
2257 1419 2395 1484 quo
2451 1421 2532 1467 ex
2580 1397 2760 1467 anti-

189 1509 493 1574 quorum
544 1509 732 1556 more
777 1488 1166 1577 gentilium,
1220 1510 1261 1556 a
1307 1488 1515 1557 stulto
1578 1486 1995 1554 rusticorum
2052 1485 2307 1576 populo
2357 1485 2592 1576 Apollo
2633 1507 2751 1555 co-

192 1574 489 1645 lebatur.
523 1575 1074 1661 circumquaque
1119 1576 1325 1644 etiam
1374 1577 1445 1644 in
1494 1573 1691 1643 cultu
1738 1573 2157 1642 daemonum
2211 1572 2349 1642 luci
2401 1595 2756 1643 succreve-

191 1675 376 1744 rant,
431 1664 501 1731 in
550 1663 808 1748 quibus
855 1663 1086 1732 adhuc
1131 1663 1369 1732 eodem
1420 1675 1727 1751 tempore
1776 1660 2166 1729 infidelium
2213 1661 2462 1729 insana
2512 1662 2750 1730 multi-

191 1751 364 1819 tudo
413 1751 774 1820 sacrificiis
819 1750 1173 1840 sacrilegis
1223 1750 1615 1820 insudabat.
1673 1748 1848 1817 Illuc
1897 1749 2126 1835 itaque
2183 1750 2286 1817 vir
2346 1750 2462 1817 Dei
2513 1771 2752 1838 perve-

192 1839 422 1917 niens,
467 1838 783 1906 contrivit
844 1838 1133 1915 idolum,
1174 1838 1505 1909 subvertit
1552 1857 1781 1915 aram,
1836 1836 2195 1904 succendit
2262 1836 2479 1918 lucos,
2541 1849 2750 1922 atque

194 1926 267 1994 in
320 1926 473 2014 ipso
523 1939 653 1994 tem
713 1925 778 1994 lo
831 1925 1190 2015 ApolliniS,
1241 1925 1604 1994 oraculum
1655 1929 1727 1991 B.
1788 1924 2083 1992 Martini:
2139 1924 2259 1991 ubi
2309 1946 2467 1993 vero
2515 1947 2638 1992 ara
2684 1947 2758 1993 e-

185 2012 473 2103 jusdem
521 1948 856 2101 Apollinis
906 2013 1057 2094 fuit,
1109 2013 1470 2081 oraculum
1522 2016 1586 2079 S.
1640 2012 1932 2079 qloannis
1977 2012 2384 2093 construxit,
2444 2023 2510 2080 et
2555 2033 2748 2081 com-

191 2112 580 2169 morantem
644 2101 1187 2186 circumquaque
1234 2098 1754 2169 multitudinem
1787 2152 1801 2178 ,
1858 2098 2368 2187 praedicatione
2415 2099 2751 2168 continua

195 2188 284 2257 ad
344 2188 549 2257 fldem
600 2188 904 2257 vocabat.
982 2187 1110 2257 Sed
1182 2189 1351 2256 haec
1398 2187 1728 2271 antiquus
1778 2187 1993 2255 hostis
2042 2186 2243 2254 tacite
2299 2208 2434 2254 non
2485 2186 2737 2268 ferenS,

191 2297 334 2345 non
384 2273 648 2345 occulte
697 2275 798 2343 vel
852 2297 972 2364 per
1017 2277 1393 2355 somnium,
1438 2274 1556 2342 sed
1592 2285 1829 2363 aperta
1862 2273 2123 2342 visione
2170 2273 2482 2360 ejusdem
2534 2274 2751 2365 patris

191 2362 418 2433 oculis
466 2384 611 2432 sese
658 2363 1033 2450 ingerebat,
1085 2376 1152 2432 et
1200 2362 1474 2452 magnis
1520 2360 1946 2430 clamoribus
1994 2362 2130 2428 vim
2167 2383 2238 2431 se
2274 2362 2534 2452 perpeti
2580 2385 2747 2432 con-

191 2450 659 2537 querebatur:
716 2451 806 2520 ita
855 2464 932 2521 ut
977 2473 1174 2522 voces
1224 2450 1413 2519 illius
1459 2450 1663 2519 etiam
1716 2447 1958 2518 fratres
2007 2448 2370 2532 audirent,
2426 2450 2747 2536 quamvis

189 2539 573 2628 imaginem
609 2539 895 2607 minime
940 2551 1319 2609 cernerent.
1362 2543 1441 2606 Ut
1482 2537 1671 2606 enim
1721 2536 2086 2627 discipulis
2134 2538 2282 2608 suis
2332 2538 2748 2608 venerabilis

192 2638 389 2716 pater
434 2626 726 2706 dicebat,
779 2628 1258 2716 corporalibus
1302 2625 1452 2712 ejus
1499 2624 1723 2694 oculis
1773 2624 1955 2693 idem
2004 2625 2334 2710 antiquus
2385 2626 2601 2695 hostis
2650 2638 2749 2694 te-

190 2715 520 2785 terrimus
557 2728 622 2782 et
654 2736 1032 2785 succensus
1063 2715 1462 2804 apparebat,
1500 2713 1623 2799 qui
1672 2713 1744 2780 in
1793 2734 1953 2782 eum
2002 2733 2119 2781 ore
2149 2713 2510 2799 oculisque
2544 2714 2748 2781 flam-

190 2802 550 2871 mantibus
596 2802 854 2870 saevire
918 2802 1298 2871 videbatur.
1377 2802 1541 2869 Jam
1592 2822 1747 2869 vero
1794 2822 1972 2886 quac
2019 2800 2308 2882 diceret,
2364 2801 2747 2870 audiebant

188 2911 457 2959 omnes.
514 2889 939 2956 Prius‘enim
990 2889 1178 2958 hunc
1228 2889 1511 2958 vocabat
1558 2910 1638 2957 ex
1690 2889 1990 2957 nomine.
2065 2889 2186 2957 Cui
2249 2911 2407 2957 cum
2462 2890 2565 2957 vir
2635 2889 2750 2956 Dei

189 2976 994 3064 minime‘responderet,
1048 2977 1131 3045 ad
1183 2977 1334 3066 ejus
1383 2999 1540 3045 mox
1588 2975 2047 3045 contumelias
2095 2977 2524 3065 erumpebat.
2577 2981 2750 3044 Nam

188 3086 354 3134 cum
406 3065 733 3132 clamaret
765 3063 1026 3142 dicens,
1067 3088 1103 3131 «
1140 3063 1519 3143 Benedicte,
1566 3064 1959 3132 Benedicte:
1991 3075 2114 3132 »et
2160 3086 2322 3133 eum
2366 3065 2499 3134 sibi
2550 3063 2748 3132 nullo

190 3152 402 3221 modo
451 3151 865 3240 respondere
918 3152 1370 3242 conspiceret,
1424 3151 1743 3240 protinus
1791 3151 2001 3234 adjun
2057 3151 2252 3220 ebat:
2292 3174 2329 3217 «
2364 3152 2745 3231 Maledicte,

189 3239 580 3317 maledicte,
633 3250 698 3306 et
746 3260 881 3307 non
934 3239 1315 3319 Benedicte,
1368 3239 1537 3324 quid
1590 3260 1860 3307 mecum
1913 3238 2000 3306 ha
2052 3243 2156 3307 es?
2202 3240 2372 3325 quid
2426 3261 2535 3308 me
2632 3260 2744 3307 er·

194 3327 603 3412 sequerist»
634 3326 760 3395 Sed
809 3327 956 3416 jam
1016 3349 1201 3396 nunc
1248 3326 1671 3415 expectanda
1730 3337 1895 3394 sunt
1940 3339 2180 3395 contra
2231 3328 2344 3395 Dei
2393 3326 2588 3397 famu
2623 3348 2741 3395 um

188 3415 459 3499 antiqui
510 3414 724 3482 hostis
772 3435 943 3483 nova
993 3416 1393 3483 certamina:
1432 3415 1546 3482 cui
1589 3434 1898 3512 pugnam
1951 3414 2235 3498 quidem
2285 3415 2522 3483 volens
2559 3415 2745 3483 intu-

189 3502 293 3582 lit,
349 3501 464 3570 sed
517 3502 914 3571 occasiones
961 3502 1286 3571 victoriae
1335 3501 1754 3571 ministravit
1801 3501 2085 3570 invitus.

277 3593 315 3676 ἓ
375 3594 518 3662 u.
572 3590 880 3671 Quadam
953 3590 1065 3658 die
1124 3590 1292 3657 dum
1364 3588 1605 3658 fratres
1682 3588 2078 3658 habitacula
2146 3588 2460 3676 ejusdem
2532 3588 2749 3658 cellae

186 3688 687 3756 construerent,
749 3676 923 3766 lapis
969 3678 1041 3746 in
1079 3677 1304 3746 medio
1342 3677 1617 3766 jacebat
1676 3696 1884 3762 quem
1941 3676 2012 3743 in
2062 3676 2459 3745 aedificium
2524 3676 2748 3745 levare

186 3764 661 3833 decreverunt.
701 3770 1005 3852 Cumque
1042 3787 1200 3834 eum
1252 3765 1392 3833 duo
1422 3764 1520 3832 vel
1572 3777 1708 3833 tres
1758 3785 2027 3832 movere
2067 3785 2204 3833 non
2257 3778 2558 3853 possent,
2595 3765 2750 3854 plu·

186 3874 299 3922 res
346 3851 655 3941 adjuncti
703 3864 901 3921 sunt:
958 3853 1077 3922 sed
1125 3853 1220 3922 ita
1268 3851 1649 3921 immobilis
1712 3852 2008 3931 mansit,
2055 3874 2135 3920 ac
2183 3851 2254 3928 si
2293 3852 2626 3922 radicitus
2680 3852 2752 3921 in

186 3952 368 4010 terra
400 3952 775 4009 teneretur:
821 3951 897 4009 ut
945 3939 1174 4030 palam
1223 3938 1847 4028 dareturintelligi,
1894 3939 2080 4024 quod
2130 3961 2342 4028 super
2384 3961 2545 4008 eum
2603 3939 2754 4028 ipse

187 4049 311 4117 per
370 4049 442 4096 se
505 4027 836 4113 antiquus
899 4027 1114 4097 bostis
1164 4026 1430 4096 sederet
1474 4048 1680 4112 quem
1736 4036 2083 4094 tantorum
2136 4027 2438 4095 virorum
2494 4049 2752 4096 manus

185 4136 457 4185 movere
492 4137 627 4184 non
683 4128 981 4204 possent.
1037 4113 1448 4184 Difficultate
1496 4115 1711 4202 igitur
1758 4114 1954 4182 facta.
1992 4113 2078 4181 ad
2130 4114 2355 4183 virum
2412 4114 2524 4182 Dei
2576 4114 2748 4183 mis-

187 4225 347 4271 sum
395 4215 519 4282 est,
571 4215 648 4271 ut
697 4203 974 4282 veniret,
1013 4214 1080 4270 et
1125 4202 1386 4272 orando
1433 4202 1700 4271 hostem
1751 4201 2129 4293 repelleret,
2185 4214 2262 4270 ut
2310 4202 2373 4270 la
2429 4202 2613 4270 idem
2650 4201 2751 4271 le-

138 4351 165 4380 ,
193 4312 353 4359 vare
399 4300 701 4380 possent.
755 4290 881 4373 Qui
923 4310 1079 4360 mox
1107 4289 1289 4359 venit
1323 4300 1389 4359 et
1434 4290 1816 4360 orationem
1863 4289 2148 4371 sacienS,
2193 4289 2366 4359 bene
2425 4289 2749 4359 ictionem
