3327 4999
171 317 403 382 MART.
464 317 544 382 10
1052 335 1134 383 mi
1180 334 1237 383 s.
1290 334 1533 382 Arum
1589 335 1835 384 Annus
2506 317 2635 383 449

169 418 325 488 mira
366 418 591 488 virtus
638 417 1130 509 omnipotentis
1183 419 1320 497 Dei,
1367 439 1545 505 quae
1594 417 1695 488 sic
1756 440 1919 490 suos
1965 418 2035 488 in
2102 418 2303 488 terris
2341 417 2712 508 glorificat,

171 519 238 576 ut
265 506 512 596 frigida
558 506 1007 594 abscissaque
1052 507 1370 577 membra
1408 527 1649 576 eorum
1703 506 2091 577 interventu
2139 507 2474 598 pristinae
2533 508 2724 576 sani-

171 595 273 664 tati
317 608 528 681 atque
566 594 805 664 decori
850 594 1115 664 reddat.

244 686 277 770 5
317 688 405 756 5.
461 683 657 753 Idem
710 683 917 752 etiam
967 680 1453 753 sanctissimus
1498 681 1605 750 vir
1648 704 1812 752 cum
1867 681 2173 770 quodam
2227 693 2533 773 tempore
2584 688 2724 752 Me·-

166 769 508 840 diolanum
549 771 870 851 venisset,
924 771 1212 857 quidam
1259 770 1358 841 ibi
1407 770 1746 861 puerulus
1778 771 1849 839 in
1887 770 2212 842 extremis
2259 770 2562 841 febrium
2596 794 2725 840 an-

168 859 519 929 xietatibus
567 860 858 948 positus,
896 860 1071 929 vitae
1115 869 1386 929 tantum
1435 859 1835 949 expectabat
1880 859 2166 929 exitum.
2222 859 2438 946 Cujus
2470 880 2725 950 paren-

166 960 271 1026 tes,
310 948 555 1017 audito
587 948 771 1016 beati
804 947 1056 1017 Attalae
1087 948 1412 1029 adventu,
1449 945 1695 1016 festino
1738 946 1824 1015 ad
1859 969 2023 1019 eum
2057 960 2432 1038 properant
2471 970 2712 1028 cursu,

164 1056 306 1104 eum
358 1057 450 1106 ue
504 1046 897 1126 precantur,
932 1046 1015 1106 ut
1058 1034 1162 1104 illi
1205 1035 1591 1106 subveniat.
1644 1035 1841 1117 Quod
1894 1035 1998 1104 vir
2046 1036 2320 1105 Domini
2367 1058 2530 1105 cum
2575 1036 2723 1104 dis-

160 1123 333 1194 simu
362 1145 488 1193 are
534 1123 903 1205 voluisset,
955 1123 1061 1194 illi
1104 1144 1269 1193 eum
1317 1123 1595 1194 fletibus
1642 1134 1709 1194 et
1770 1124 2201 1195 terribilibus
2265 1124 2722 1196 sacramentis

155 1212 679 1302 compellebant,
731 1225 811 1281 ut
854 1223 1013 1282 ante
1059 1212 1341 1282 accedat
1386 1212 1474 1281 ad
1507 1233 1806 1303 puerum
1851 1233 2066 1299 quarn
2112 1233 2274 1281 eum
2327 1211 2576 1282 noxius
2609 1232 2720 1281 ar·

158 1298 273 1369 dor
299 1301 635 1370 vitalibus
697 1301 913 1390 privet
974 1300 1192 1370 auris.
1244 1300 1503 1370 Anxius
1547 1321 1715 1389 ergo
1761 1309 1827 1370 et
1891 1299 2250 1392 popularis
2299 1299 2551 1371 favoris
2601 1322 2723 1370 ru-

159 1409 372 1459 mores
419 1388 723 1479 fugiens,
761 1394 924 1470 «Ite,
964 1388 1212 1476 inquit,
1263 1410 1390 1479 ego
1421 1398 1498 1458 ut
1608 1400 1868 1469 otnero,
1909 1411 2027 1461 vos
2078 1391 2530 1479 prosequar.»
2564 1393 2726 1457 Per-

153 1497 314 1565 gens
349 1498 544 1568 erg0,
596 1476 922 1547 basilicas
969 1498 1049 1546 ac
1096 1487 1495 1547 sanctorum
1580 1498 1705 1546 oca
1761 1476 2086 1546 circumit
2132 1488 2197 1547 et
2251 1498 2376 1568 pro
2434 1475 2721 1546 infirmo

157 1586 364 1652 puero
411 1577 764 1656 precatur,
817 1577 896 1634 ut
943 1565 1259 1654 protinus
1333 1563 1642 1654 sospitat'
1712 1565 2063 1634 reddatur.
2135 1564 2390 1634 Deinde
2430 1574 2509 1634 ut
2564 1585 2728 1656 pro-

155 1651 403 1723 missae
437 1652 605 1722 fidei
653 1653 974 1743 impleret
1001 1653 1346 1734 effectum,
1412 1652 1499 1723 ad
1551 1652 1620 1721 in
1686 1673 1914 1723 rmum
1965 1652 2259 1724 festinus
2308 1652 2531 1722 venit:
2602 1652 2726 1722 sed

153 1760 235 1807 ne
276 1741 437 1827 quis
490 1740 802 1829 largitori
849 1740 1115 1821 salutis,
1168 1762 1418 1841 praeco
1447 1740 1763 1810 existeret
1813 1740 2065 1822 laudis,
2107 1740 2398 1811 latenter
2428 1741 2723 1810 domum

158 1827 532 1918 ingressus,
586 1828 952 1899 infirmum
990 1829 1237 1920 attigit,
1282 1849 1578 1916 moxque
1610 1828 1831 1898 virtus
1884 1828 2140 1911 divina,
2195 1829 2454 1899 sanctis
2486 1827 2725 1898 favens

158 1917 498 2004 precibus,
544 1916 834 1987 sanitati*
872 1916 1205 2007 pristinae
1265 1938 1554 2007 aegrum
1605 1917 1930 1986 reddidit.
1995 1922 2232 1987 Grates
2294 1916 2505 1988 simul
2557 1937 2727 1985 con-

156 2003 348 2074 ditori
398 2017 722 2096 parentes
753 2004 1058 2074 referunt
1102 2005 1226 2092 qui
1273 2004 1374 2074 sic
1403 2005 1490 2074 ad
1541 2026 1827 2076 suorum
1884 2006 2246 2095 petitiones
2286 2004 2723 2075 famulorum

159 2091 420 2179 pietatis
457 2114 624 2162 suae
671 2114 874 2163 aures
911 2092 1412 2162 accommodat.
1466 2098 1624 2161 Erat
1679 2093 2018 2162 nimirum
2076 2093 2319 2162 beatus
2374 2104 2567 2192 pater
2616 2096 2724 2160 At-

160 2179 286 2250 tala
315 2182 420 2251 vir
453 2194 694 2281 gratus
741 2182 1091 2261 omnibuS,
1142 2180 1523 2270 singularis
1571 2180 1940 2268 cujusdam
1982 2180 2290 2259 fervoris,
2338 2180 2726 2270 singularis

166 2265 551 2350 alacritatis,
606 2269 987 2369 singularis
1015 2269 1371 2338 charitatis
1418 2290 1495 2338 er
1544 2291 1585 2337 a
1633 2290 1972 2358 pauperes
2003 2279 2070 2339 et
2116 2268 2542 2358 peregrinos.
2594 2272 2728 2337 No-

167 2369 332 2427 verat
373 2371 445 2427 et
476 2358 800 2447 superbis
850 2358 1164 2428 resistere
1192 2368 1258 2428 et
1289 2357 1486 2426 humi
1521 2359 1679 2427 ibus
1712 2355 2038 2426 subditus
2076 2377 2251 2438 esse,
2289 2355 2726 2447 sapientibus

165 2445 498 2539 condigna
543 2445 963 2537 rependere,
1015 2445 1458 2547 simplicibus
1527 2443 1821 2536 mystica
1867 2444 2188 2535 aperire:
2240 2444 2315 2514 in
2374 2443 2727 2515 solvendis

165 2551 238 2600 ac
263 2534 761 2635 componendis
797 2535 1323 2621 quaestionibus
1358 2556 1590 2625 sagax,
1623 2533 1957 2604 adversus
2004 2533 2508 2604 haereticorum
2562 2554 2724 2623 pro-

164 2620 355 2692 cellas
380 2645 626 2713 vigens
670 2645 750 2692 ac
800 2623 1089 2706 solidus,
1141 2623 1337 2692 fortis
1384 2621 1457 2692 in
1506 2622 1836 2704 adversis,
1889 2622 2168 2692 sobrius
2214 2622 2286 2691 in
2338 2620 2717 2711 prosperiS,

167 2718 570 2810 temperatus
598 2712 673 2780 in
733 2711 1083 2790 omnibus,
1138 2711 1479 2782 discretus
1525 2711 1596 2779 in
1648 2710 1960 2792 cunctis,
2028 2709 2430 2780 redundans
2478 2729 2716 2777 amore

161 2805 223 2863 et
261 2808 503 2870 timore
549 2800 625 2868 in
658 2799 999 2868 subditos.
1038 2797 1408 2869 Redolebat
1454 2800 1605 2868 e'us
1647 2798 1964 2868 doctrina
2007 2799 2082 2868 in
2124 2795 2516 2887 discipuli5‚
2560 2795 2721 2865 nul-

166 2880 266 3043 {uls³
296 2887 496 2976 juxta
526 2908 691 2957 eum
741 2887 845 2957 vel
902 2908 1208 2959 moerore
1244 2886 1490 2978 dejicie
1542 2899 1722 2968 atur,
1782 2887 1884 2956 vel
1936 2887 2154 2957 nimia
2194 2885 2454 2957 laetitia
2500 2884 2717 2955 extol·-

191 2993 222 3041 e
268 2985 445 3045 atur.

242 3063 279 3148 §
341 3069 435 3136 Β.
490 3068 813 3151 Cumque
849 3062 1002 3152 jam
1066 3084 1343 3134 servum
1405 3084 1615 3134 suum
1673 3063 1762 3134 ab
1809 3062 2167 3132 aerumnis
2222 3061 2439 3132 seculi
2490 3082 2726 3131 rerum

170 3150 468 3222 conditor
517 3151 816 3222 liberare
862 3150 1083 3233 vellet,
1137 3163 1523 3221 monstrare
1571 3151 1634 3220 ei
1716 3173 1793 3221 er
1838 3151 2176 3220 visionem
2234 3150 2472 3229 voluit,
2513 3160 2592 3218 ut
2638 3148 2725 3217 de

170 3239 419 3309 mundo
467 3261 906 3331 egressurus,
959 3249 1281 3329 paratum
1336 3239 1408 3308 in
1471 3238 1665 3308 omni
1717 3262 1802 3311 us
1851 3238 1980 3310 iter
2029 3239 2333 3318 haberet,
2379 3238 2728 3326 quinqua·

173 3323 354 3412 ginta
385 3328 660 3398 dierum
709 3327 932 3428 spatio
965 3348 1306 3417 suspenso
1352 3348 1491 3415 quo
1535 3339 1809 3417 pararet
1857 3328 1986 3396 iter
2042 3338 2435 3396 venturum.
2474 3330 2725 3394 Verum

173 3413 442 3485 animus
472 3415 605 3485 viri
655 3420 773 3485 Dei
802 3437 940 3486 non
987 3415 1310 3506 cognovit
1355 3428 1609 3506 aperte,
1671 3438 1758 3485 an
1819 3414 2004 3485 istud
2053 3425 2233 3485 esset
2277 3414 2501 3483 exitus
2547 3412 2727 3482 vitae

173 3499 348 3589 ejuS,
400 3526 488 3574 an
550 3503 639 3573 ad
685 3503 903 3573 alium
952 3503 1183 3575 locum
1238 3516 1417 3575 esset
1488 3525 2009 3594 progressurus.
2062 3508 2433 3593 Praeparat
2488 3511 2723 3570 autem

178 3607 314 3659 sese
356 3592 444 3661 ad
486 3605 903 3678 utrumque:
949 3590 1192 3663 densat
1238 3602 1434 3682 septa
1491 3591 1930 3673 monasterii,
2000 3602 2062 3660 te
2114 3602 2345 3659 menta
2391 3590 2721 3671 renovat,

179 3679 399 3748 omnia
427 3679 728 3760 roborat,
773 3691 851 3749 ut
896 3680 956 3749 si
995 3680 1396 3750 abeundum
1431 3680 1541 3760 sit,
1596 3680 1771 3751 nihil
1820 3678 2074 3750 imbeci
2107 3678 2170 3746 le
2216 3676 2539 3746 dimittat.
2593 3681 2722 3745 Ve-

176 3760 394 3837 hicula
438 3768 522 3837 ad
562 3769 692 3838 iter
719 3766 1073 3858 agendum
1122 3768 1497 3858 componit,
1538 3767 1751 3839 libros
1799 3766 2255 3859 ligaminibus
2301 3764 2555 3846 firmat,
2610 3786 2732 3834 su-

177 3852 528 3939 pellectilia
576 3855 795 3935 ablui,
833 3854 1106 3925 dissuta
1147 3856 1422 3937 consui,
1476 3867 1805 3946 corrupta
1851 3854 2189 3936 renovari,
2257 3852 2730 3924 calceamenta

181 3945 554 4033 praeparari
591 3943 818 4045 jubet,
861 3953 940 4013 ut
967 3942 1057 4013 ad
1108 3965 1360 4015 manus
1393 3954 1662 4033 praesto
1700 3944 1841 4014 sint
1888 3942 2149 4013 omnia.
2198 3948 2360 4033 Ipse
2391 3963 2550 4011 vero
2579 3962 2732 4011 cor-

184 4046 297 4122 pus
324 4053 532 4102 suum
586 4031 904 4123 jejunii&
959 4031 1214 4132 vigiliis
1260 4043 1327 4102 et
1361 4031 1710 4131 ‘precibus
1756 4031 2007 4112 afficit,
2073 4030 2170 4101 ita
2214 4043 2292 4101 ut
2339 4050 2734 4131 numquam

186 4120 491 4210 intentius
529 4133 733 4191 antea
779 4119 852 4189 in
882 4131 1263 4191 orationem
1313 4141 1509 4191 visus
1543 4119 1633 4190 sit
1679 4119 2109 4191 incubuisse.
2153 4124 2233 4189 Et
2265 4140 2351 4189 ne
2398 4139 2734 4204 cuiquam

189 4207 566 4280 incredibile
597 4207 920 4278 videatur
966 4207 1153 4294 quod
1192 4205 1431 4289 refero,
1485 4217 1719 4307 aperte
1765 4228 1994 4288 narr0,
2031 4206 2200 4294 quid
2250 4207 2324 4276 in
2380 4227 2492 4276 me
2538 4204 2730 4275 idem

197 4297 652 4368 sanctissimus
683 4308 877 4387 pater
936 4295 1296 4387 peregerit.
1334 4299 1503 4365 Cum
1526 4316 1677 4384 Jam
1727 4316 1973 4366 novem
2026 4316 2374 4367 annorum
2431 4315 2552 4383 per
2600 4293 2737 4363 cir-

196 4379 406 4452 culum
439 4386 513 4455 in
549 4384 968 4456 monasterio
1014 4395 1460 4455 conversatus
1496 4382 1809 4465 fuissem,
1861 4395 1929 4454 et
1974 4404 2179 4475 saepe
2228 4395 2547 4474 parentes
2597 4379 2735 4450 mei
