3327 4999
687 320 819 388 450
1286 336 1365 382 nr.
1410 335 1467 383 s.
1519 333 1878 383 mrmmmt
1924 333 2092 383 vnto.
2143 335 2220 382 ΕΤ
2266 335 2460 383 vmuA
2742 319 2987 384 MART.
3041 322 3131 387 22

599 421 889 513 virginis
934 419 1244 499 consilio,
1285 418 1579 489 decrevit
1609 441 1826 506 aequo
1868 419 2039 489 ferre
2068 419 2301 489 animo
2331 419 2758 491 afflictiones:
2795 422 3133 492 multum-

598 532 734 599 que
766 510 1091 599 deinceps
1123 522 1479 577 veneratus
1524 520 1627 577 est
1673 530 1847 577 eam.
1900 509 2199 578 Tandem
2247 512 2490 595 quarta
2522 508 2691 578 feria
2717 509 2899 579 intra
2943 524 3126 582 octa-

595 622 715 671 vas
776 598 951 668 Petri
1014 609 1080 667 et
1124 596 1318 665 Pauli
1382 596 1466 665 ad
1542 601 2005 666 Watstenense
2070 598 2561 668 monasterium
2632 603 2699 668 S.
2761 600 3128 671 Catharina

643 688 925 768 ervenit,
977 698 1044 756 et
1087 707 1245 755 cum
1286 684 1545 774 ingenti
1595 685 1853 774 gaudio
1902 697 2182 776 excepta
2201 697 2349 758 stest.
2393 686 2641 757 Habita
2685 686 2936 757 deinde
2982 691 3126 759 col-

620 776 844 846 atione
890 797 1050 845 cum
1100 772 1446 854 fratribus,
1485 772 1568 841 ad
1602 795 1869 845 sorores
1898 774 2039 844 sive
2069 775 2625 846 sanctimoniales
2656 775 2971 866 ingressa
2996 791 3114 861 est,

589 886 750 934 cum
800 863 939 933 illis
996 862 1183 933 intus
1244 884 1719 952 permansura.
1782 863 1876 932 Ab
1922 884 2001 932 eo
2048 877 2276 933 autem
2326 875 2629 954 tempore
2686 866 2910 954 coepit
2978 865 3116 938 illis

643 974 931 1032 raeesse,
986 963 1051 1021 et
1097 951 1407 1041 regulam
1458 950 1863 1031 Salvatoris,
1914 973 2123 1038 quam
2190 951 2376 1042 apud
2445 966 2731 1024 matrem
2783 966 2878 1024 tot
2922 956 3124 1028 annis

590 976 948 1122 didicerat,
1003 1040 1173 1130 ipsis
1236 1062 1361 1111 suo
1425 1039 1736 1130 exemplo
1783 1039 2171 1110 declarare:
2215 1041 2520 1110 multum
2576 1063 2659 1112 ue
2707 1041 3119 1115 abhorrebat

591 1129 680 1200 ab
727 1129 867 1199 illis
913 1129 1237 1200 omnibus
1269 1150 1445 1215 quae
1492 1140 1718 1198 essent
1746 1150 1787 1198 a
1834 1142 2070 1198 sancta
2102 1129 2379 1198 illarum
2411 1151 2532 1219 pro
2562 1130 2830 1201 essione
2863 1131 3112 1204 aliena.

588 1217 923 1309 Inprimis
969 1230 1196 1288 autem
1257 1217 1720 1287 detestabatur
1782 1218 2302 1287 obtrectationes
2361 1239 2536 1305 quae
2589 1219 2853 1289 alienae
2900 1220 3119 1291 famae

592 1329 868 1377 morsus
913 1319 1277 1377 venenatos
1309 1305 1630 1396 infigunt.
1676 1305 2006 1376 Videbam
2037 1307 2107 1374 in
2147 1329 2226 1377 ea
2254 1328 2493 1377 omnes
2524 1318 2666 1377 tum
2700 1306 2945 1378 fratres
2976 1322 3120 1380 tum

590 1417 856 1468 sorores
900 1395 1210 1485 exempla
1257 1394 1463 1465 totius
1528 1395 1901 1465 honestatis
1948 1405 2013 1464 et
2070 1395 2603 1465 sanctimoniae:
2659 1397 2991 1467 fervorem
3039 1397 3109 1466 in

594 1484 850 1554 divinis
898 1483 1164 1565 officiis,
1225 1482 1295 1550 in
1347 1483 1551 1554 rebus
1597 1482 1794 1553 duris
1840 1494 1905 1553 et
1960 1482 2265 1555 adversis
2312 1484 2733 1573 patientiam.
2775 1491 2932 1557 Post
2969 1508 3115 1577 pre-

592 1595 707 1643 ces
754 1572 1065 1643 horarias
1114 1571 1370 1643 solebat
1430 1594 1591 1641 cum
1655 1592 1798 1641 una
1852 1594 1890 1640 e
1937 1573 2288 1643 sororibus
2346 1572 2745 1661 psalterium
2794 1574 3125 1665 relegere.-

591 1662 930 1731 Evocabat
961 1672 1187 1729 autem
1238 1660 1440 1730 modo
1471 1659 1805 1749 singulaS,
1845 1661 2046 1730 modo
2091 1662 2449 1730 universas
2479 1683 2768 1745 sororeS‚
2804 1675 2871 1733 et
2901 1664 2989 1733 ad
3020 1686 3117 1734 re·

591 1750 797 1841 gulae
841 1749 1342 1820 observantiam
1390 1749 1893 1818 humanissime
1940 1771 2054 1819 eas
2099 1748 2450 1820 incitabat.

678 1840 715 1925 ξ
783 1842 950 1910 20.
1007 1842 1445 1923 Posteaquam
1497 1837 1826 1924 reliquiae
1873 1838 2306 1909 beatissimae
2338 1838 2659 1930 Birgittae
2707 1838 2778 1908 in
2827 1845 3108 1911 Watste-

592 1926 792 1995 nensi
838 1926 1165 1996 coenobio
1220 1925 1555 2016 repositae
1609 1925 1819 2007 suere,
1874 1926 2110 1997 multis
2158 1940 2529 2016 coeperunt
2574 1929 3108 1999 coruscare-mi-

588 2014 868 2096 raculis,
925 2013 1382 2104 permultique
1428 2037 1508 2083 ex
1555 2013 1841 2083 diversis
1889 2016 2287 2115 regionibus
2350 2038 2429 2086 eo
2496 2018 2908 2099 confluxere,
2963 2018 3111 2088 lau-

587 2104 829 2173 dantes
878 2103 1244 2172 Dominum
1294 2102 1365 2171 in
1415 2103 1738 2192 operibus
1796 2104 2222 2174 admirandis
2266 2125 2442 2190 quae
2509 2126 2629 2195 per
2673 2105 2822 2205 ejus
2873 2107 3110 2176 merita

587 2192 868 2261 fiebant.
931 2191 1267 2261 Permovit
1311 2214 1390 2261 ea
1437 2213 1544 2263 res
1575 2213 1826 2280 ,regem
1877 2204 1942 2261 et
1991 2191 2182 2283 regni
2232 2196 2567 2275 procereS,
2635 2207 3106 2282 miseruntque

588 2280 1045 2362 Catharinam,
1108 2291 1183 2350 ut
1230 2285 1481 2349 Romae
1528 2293 1757 2370 ageret
1800 2302 1961 2349 cum
2017 2280 2342 2351 Pontifice
2387 2282 2471 2350 de
2520 2286 2585 2350 S.
2649 2283 2970 2374 Birgittae
3036 2285 3106 2352 in

586 2368 781 2438 divos
819 2368 1168 2438 relatione.
1223 2368 1403 2438 Fecit
1446 2366 1587 2449 illa,
1625 2381 1702 2437 ut
1739 2369 1936 2457 jussa
1970 2368 2120 2450 fuit,
2149 2381 2239 2439 -et
2271 2375 2554 2440 Romam
2603 2372 2904 2452 venienS,
2958 2395 3111 2441 om-

585 2457 782 2528 nium
831 2457 902 2527 in
952 2462 1256 2528 Romana
1314 2457 1508 2527 curia
1553 2457 1822 2528 animos
1871 2458 2138 2549 negotio
2184 2458 2349 2529 huic
2409 2460 2867 2549 promovendo
2913 2460 3115 2530 addi-

587 2559 731 2618 ctos
763 2548 1119 2637 comperit.
1172 2547 1543 2616 veniebant
1587 2558 1730 2615 tum
1763 2546 1847 2615 ad
1882 2569 2030 2616 eam
2074 2547 2276 2617 multi
2301 2547 2590 2619 Romani
2641 2549 2925 2629 nobiles,
2958 2549 3112 2639 ejus

586 2658 822 2726 preces
858 2646 1262 2727 expetenteS‚
1318 2656 1655 2705 memores
1687 2635 2014 2725 pristinae
2044 2636 2195 2725 ejus
2240 2637 2799 2706 conversationis.
2853 2643 3010 2708 Erat
3040 2638 3108 2707 id

587 2725 912 2826 temporis
960 2737 1146 2794 extra
1203 2725 1445 2794 urbem
1505 2723 1715 2792 vidua
1758 2725 2096 2811 quaedam
2147 2725 2420 2806 nobiliS‚
2479 2747 2671 2796 soror
2717 2726 2936 2795 Latini
2983 2727 3106 2796 ba-

586 2835 775 2883 roms
823 2814 1135 2883 Romani.
1173 2819 1264 2882 Ea
1311 2813 1574 2881 vivebat
1604 2835 1851 2902 parum
1899 2814 2217 2883 honeste:
2255 2813 2742 2901 admonitaque
2781 2815 3019 2885 crebro
3064 2838 3106 2884 a

583 2901 789 2971 fratre
837 2923 962 2973 suo
1011 2901 1244 2971 Latino
1289 2913 1353 2970 et
1401 2901 1563 2970 viris
1615 2900 1974 2991 religiosis,
2028 2912 2106 2971 ut
2150 2914 2332 2972 caste
2379 2903 2648 2983 viveret,
2693 2925 2826 2972 non
2880 2904 3104 2974 solum

584 2990 758 3058 nihil
811 3001 1067 3060 mutata
1124 2988 1272 3069 fuit,
1328 2988 1441 3060 sed
1497 2987 1711 3058 multo
1749 2989 1951 3058 etiam
1985 2990 2206 3079 magis
2239 2990 2701 3081 voluptatibus
2730 2991 2919 3062 dedit
2946 3015 3105 3081 ope-

582 3100 756 3147 ram.
794 3082 1002 3168 Aegre
1050 3077 1325 3147 tandem
1363 3077 1451 3146 ab
1496 3099 1575 3146 ea
1615 3078 1894 3148 Latinus
1921 3079 2327 3169 impetravit,
2373 3092 2452 3148 ut
2482 3085 2734 3150 Romae
2764 3104 2928 3151 cum
2954 3081 3106 3171 ipso

582 3177 986 3235 moraretur.
1041 3171 1117 3236 Et
1162 3188 1240 3236 eo
1290 3166 1571 3253 quidem
1619 3167 1805 3237 venit
1834 3189 1993 3237 cum
2044 3167 2259 3236 multo
2306 3166 2510 3249 fasta,
2556 3167 2673 3238 sed
2721 3169 2792 3237 in
2846 3180 3102 3239 tantam

581 3253 826 3324 incidit
871 3255 1394 3345 aegritudinem,
1448 3267 1524 3324 ut
1570 3255 1720 3344 ejus
1768 3255 1956 3325 salus
1988 3278 2028 3325 a
2061 3255 2348 3325 medicis
2394 3256 2896 3346 desperaretur.
2937 3264 3108 3326 Tum

582 3342 789 3413 frater
825 3343 970 3431 ejus
1019 3365 1140 3433 per
1187 3345 1489 3434 seipsum
1523 3354 1588 3413 et
1617 3343 1788 3413 alios
1837 3344 1987 3434 pios
2025 3344 2338 3416 homines
2369 3346 2666 3414 multum
2695 3346 3111 3416 admonebat
3189 3411 3203 3426 ,

582 3429 800 3512 illam,
853 3444 929 3502 ut
977 3445 1252 3522 peccata
1298 3455 1426 3502 sua
1458 3454 1626 3521 pure
1652 3433 2110 3503 confiteretur.
2150 3433 2275 3502 Illa
2304 3434 2534 3503 animo
2559 3434 2896 3504 obdurato
2925 3456 3108 3504 sem-

582 3541 705 3610 per
752 3521 1225 3611 respondebat‚
1281 3544 1351 3590 se
1398 3521 1563 3590 satis
1608 3542 1757 3591 esse
1802 3521 2208 3593 confessam.
2260 3522 2542 3622 Rogavit
2588 3523 2609 3590 i
2667 3523 2801 3592 itur
2826 3523 3107 3594 Latinus

583 3614 658 3698 S.
689 3610 1145 3690 catharinam,
1199 3621 1276 3679 ut
1322 3609 1519 3678 vellet
1565 3609 1886 3679 miseram
1917 3610 2128 3692 adire,
2160 3622 2224 3679 et
2253 3611 2538 3680 invitare
2568 3634 2606 3680 a
2690 3634 2917 3681 veram
2941 3634 3110 3682 con-

578 3695 967 3780 fessionem,
1024 3699 1404 3790 plurimum
1451 3697 1647 3768 enini.
1703 3697 1788 3768 de
1843 3698 1992 3787 ejus
2040 3699 2394 3770 sanctitate
2442 3700 2573 3769 sibi
2624 3699 3098 3791 pollicebatur.

578 3785 707 3855 Illa
735 3797 814 3857 ut
858 3800 1000 3857 erat
1046 3786 1131 3856 ad
1180 3785 1634 3858 consolandos
1681 3808 1921 3876 aegros
1968 3809 2239 3878 semper
2273 3811 2632 3879 propensa,
2667 3789 2840 3858 nihil
2878 3790 3103 3859 detre-

577 3875 821 3946 ctavit:
872 3876 1054 3945 venit
1092 3875 1177 3945 ad
1238 3874 1682 3966 languidam:
1736 3875 2137 3946 hortabatur
2187 3889 2265 3946 ut
2313 3877 2575 3968 integre
2629 3878 3096 3959 confiteretur,

577 3963 697 4034 sed
746 3965 916 4034 nihil
957 3964 1273 4036 obtinuit.
1327 3969 1621 4036 Cernens
1668 3987 1829 4056 ergo
1883 3965 2032 4054 ejus
2089 3966 2511 4035 obstinatum
2559 3966 2898 4048 animum,
2953 3977 3106 4037 orat

576 4052 1121 4133 circumstantes,
1166 4064 1244 4123 ut
1291 4058 1422 4123 Deo
1473 4075 1704 4142 preces
1750 4054 2036 4126 offerant
2083 4076 2206 4143 pro
2252 4053 2473 4127 salute
2523 4054 2851 4124 miserae:
2908 4077 3102 4124 mox-

573 4163 707 4228 que
753 4142 824 4210 in
874 4164 1098 4232 genua
1144 4142 1558 4232 procumbit,
1599 4147 1826 4212 Deum
1863 4154 2205 4233 rogatura.
2260 4148 2338 4212 Et
2383 4164 2539 4212 ecce
2589 4154 2864 4232 repente
2912 4164 2949 4211 e
2996 4144 3106 4211 Ti-

571 4230 720 4301 beri
762 4231 1121 4331 perspicue
1170 4231 1578 4301 cernebatur
1607 4253 1954 4322 emergere
1991 4230 2228 4302 fumus
2274 4231 2558 4319 quidam
2593 4231 2985 4312 ater‘rimus,
3022 4231 3107 4300 fi-

575 4321 752 4409 gura
796 4319 1191 4402 orbiculari,
1228 4320 1487 4410 ingenti
1538 4319 1717 4392 mole
1763 4321 1980 4390 instar
2009 4319 2299 4410 plaustri
2334 4318 2528 4390 foeno
2559 4320 2813 4390 onusti.
2836 4324 2914 4388 Is
2943 4342 3103 4388 sur-

578 4429 736 4479 sum
780 4408 998 4480 elatus
1056 4408 1127 4478 in
1187 4411 1384 4490 aera,
1448 4409 1792 4480 ferebatur
1838 4408 2185 4501 pendulus
2233 4431 2447 4502 supra
2493 4409 2693 4480 aedes
2723 4462 2740 4492 ,
2810 4407 2932 4478 ubi
2978 4407 3107 4481 illa
