3327 4999
198 333 447 398 MART.
501 334 584 399 24
944 352 1024 399 nn
1071 353 1126 399 s.
1183 350 1411 399 summi:
1459 351 1649 398 nitar.
1703 350 1989 399 rmnENr.
2522 337 2653 401 457

195 436 389 507 taciti
428 456 665 507 omnes
710 435 1211 517 intellexerunt,
1248 436 1431 524 quod
1479 436 1564 505 de
1602 434 2025 505 immolando
2059 435 2442 506 Christiano
2475 438 2738 508 infante

200 526 618 612 loqueretur,
671 547 877 611 quem
918 524 986 593 in
1036 538 1504 615 contemptum
1558 524 1827 594 Domini
1859 524 2072 594 nostri
2111 530 2278 594 ‚Iesu
2311 526 2555 596 Christi
2585 549 2735 596 ma-

196 627 389 684 ctant
427 612 765 694 atrociter,
802 624 867 681 et
912 614 1240 684 exhausto
1290 636 1411 683 san
1466 613 1627 683 uine
1676 627 2020 684 vescentes
2055 614 2124 682 in
2174 615 2432 703 azymis
2483 616 2649 697 suiS,
2692 640 2733 686 a

197 703 488 785 foetore,
560 725 697 789 quo
753 702 1047 792 graviter
1092 703 1319 783 olent,
1391 708 1433 772 C
1493 703 1771 771 ristiano
1820 724 1892 772 se
1947 725 2190 772 cruore
2301 715 2730 773 raeservant:

195 792 530 878 huncque
579 813 785 861 suum
819 790 1168 880 appellant
1211 792 1381 872 soei,
1426 791 1495 860 id
1543 802 1665 872 est,
1715 790 2102 860 Jubileum.
2144 796 2223 861 Se
2335 795 2734 863 annuebant

198 880 475 950 cautius
522 879 746 965 eloqui
785 893 1092 969 oportere
1131 893 1401 980 propter
1447 902 1675 949 servos
1723 880 1839 966 qui
1891 879 1977 949 ob
2008 880 2378 950 instantem
2416 904 2735 972 parasce-

197 991 354 1050 ven,
407 967 694 1038 diversis
742 967 1053 1057 impediti
1104 968 1525 1049 ministeriis,
1586 990 1770 1037 nunc
1831 969 1990 1050 huc,
2027 991 2215 1038 nunc
2262 969 2429 1038 illuc
2464 969 2735 1039 discur-

200 1059 466 1128 rebant.
520 1062 788 1126 Postero
827 1069 1051 1126 autem
1086 1057 1218 1135 die,
1265 1078 1421 1127 cum
1454 1078 1692 1126 omnes
1726 1056 1792 1124 in
1837 1062 2193 1148 Synagoga
2222 1059 2730 1141 convenissent,

200 1145 687 1217 consultabant
730 1167 1029 1231 quonam
1071 1145 1140 1212 in
1178 1146 1325 1215 loco
1375 1158 1651 1236 possent
1698 1146 1894 1215 illum
1946 1147 2174 1236 aptius
2221 1147 2556 1216 occidere.
2613 1154 2742 1217 To·

200 1236 356 1305 bias
402 1247 468 1303 et
513 1234 808 1324 Angelus
857 1234 927 1302 in
976 1234 1296 1305 domibus
1361 1235 1507 1303 suis
1565 1256 1802 1303 earum
1853 1235 1939 1303 ob
1988 1236 2376 1325 angustiam
2432 1236 2577 1305 fieri
2635 1258 2739 1305 re-

203 1323 966 1413 cusabant„propterea
1012 1323 1194 1409 quod
1244 1322 1488 1413 exiguo
1537 1322 1603 1391 in
1658 1323 1804 1391 loco
1852 1323 2131 1393 difficile
2177 1337 2355 1394 esset
2410 1347 2450 1393 a
2505 1326 2738 1415 pueris

204 1424 345 1482 tam
385 1426 651 1481 vastum
688 1411 954 1480 facinus
984 1412 1443 1480 abscondere:
1483 1412 1598 1481 sed
1634 1425 1910 1512 propter
1942 1434 2166 1481 rerum
2199 1413 2510 1481 omnium
2545 1436 2738 1483 com-

204 1500 599 1570 moditatem
662 1511 727 1568 et
796 1499 1325 1588 amplitudinem
1397 1501 1558 1580 loci,
1614 1500 1862 1569 melius
1908 1501 2095 1590 apud
2146 1501 2533 1571 Samuelem
2598 1502 2740 1571 fore

204 1590 708 1658 asseverabant.
761 1592 838 1656 At
890 1587 1009 1656 ubi
1077 1589 1175 1657 sic
1246 1589 1722 1670 decrevissent,
1776 1588 2223 1680 disputabant
2269 1613 2406 1677 quo
2458 1602 2737 1681 possent

204 1678 275 1745 in
328 1677 485 1747 enio
520 1675 905 1746 masculum
957 1677 1285 1746 infantem
1323 1678 1689 1767 surripere.

316 1770 330 1787 ⁶
397 1770 487 1837 Β.
542 1771 853 1852 Dumque
902 1764 1077 1834 inter
1124 1788 1195 1836 se
1227 1765 1489 1835 diversa
1524 1766 1847 1858 opinione
1894 1766 2407 1847 contenderent,
2463 1766 2735 1837 Samuel

205 1854 289 1923 ad
327 1877 398 1925 se
437 1876 705 1925 servum
747 1876 953 1923 suum
1005 1859 1329 1924 Lazarum
1369 1855 1580 1943 jussit
1629 1854 1974 1924 accedere.
2030 1859 2266 1923 Coram
2316 1877 2454 1941 quo
2504 1855 2735 1923 statim

207 1965 369 2013 cum
405 1944 748 2022 astitisset,
805 1948 1111 2021 «Lazare‚
1168 1943 1410 2028 inquit,
1469 1944 1524 2011 si
1577 1943 1697 2013 tibi
1745 1955 2039 2032 praestat
2087 1943 2362 2012 animus
2413 1944 2737 2011 Christia-

205 2054 720 2121 num-puerum
757 2030 993 2111 furari,
1032 2043 1097 2101 et
1142 2032 1341 2101 nobis
1388 2031 1585 2099 illum
1638 2032 1924 2111 tradere,
1978 2044 2255 2101 centum
2309 2031 2464 2101 ilico
2512 2044 2573 2100 te
2621 2031 2741 2099 do-

212 2120 541 2189 nabimus
591 2120 1036 2209 Philippeis.»
1057 2120 1151 2189 Ad
1201 2142 1375 2206 quae
1404 2141 1814 2208 responsum
1849 2121 2089 2209 paucis
2125 2121 2217 2189 ita
2252 2120 2548 2189 reddidit
2578 2119 2735 2188 ille:

213 2213 400 2277 «Res
448 2208 637 2289 haec,
693 2221 919 2298 patres
967 2208 1359 2289 venerandi,
1427 2209 1703 2276 maximi
1755 2208 2182 2278 discriminis
2222 2222 2359 2277 est:
2413 2230 2561 2277 eam
2614 2230 2739 2298 ego

206 2296 485 2387 penitus
536 2309 791 2365 tentare
840 2318 1163 2365 recuso.»
1215 2303 1290 2364 Et
1336 2296 1694 2365 confestim
1745 2297 1975 2367 exiens
2005 2297 2085 2365 de
2117 2297 2394 2387 templo,
2433 2298 2736 2366 collectis

208 2385 579 2456 sarcinulis
613 2386 781 2466 suis,
818 2385 921 2452 ad·
952 2384 1123 2456 alias
1176 2396 1385 2454 terras
1423 2385 1923 2475 commigravit.

296 2475 333 2560 ἓ
390 2478 473 2546 4.
530 2475 645 2544 Die
684 2486 909 2544 autem
952 2473 1146 2544 Jovis
1187 2496 1425 2543 omnes
1474 2474 1543 2542 in
1594 2478 1956 2564 synagoga
2001 2473 2418 2565 congregati,
2472 2474 2557 2542 ad
2609 2479 2735 2542 To-

205 2563 394 2631 biam
450 2562 803 2632 dixerunt:
876 2586 910 2630 «
953 2563 1572 2633 Animadvertimus
1622 2565 1968 2632 neminem
2038 2563 2195 2652 plus
2241 2564 2415 2632 votis
2479 2563 2733 2632 nostris

209 2672 411 2741 posse
444 2652 849 2733 satisfacere,
888 2674 1094 2738 quam
1147 2665 1293 2722 te.»
1344 2652 1645 2720 versaris
1694 2653 1876 2720 enim
1910 2651 2213 2738 quotidie
2243 2675 2402 2721 cum
2454 2651 2739 2720 Christi-

208 2738 402 2819 colis,
454 2753 517 2809 et
565 2763 737 2831 pene
784 2762 1021 2810 omnes
1071 2741 1190 2810 tibi
1225 2741 1597 2809 familiares
1645 2752 1829 2810 sunt.
1870 2739 2089 2809 Facile
2121 2753 2310 2829 potes
2358 2762 2577 2808 unum
2629 2739 2739 2807 in-

208 2828 573 2918 tercipere:
627 2830 788 2915 quia
830 2850 1050 2908 nemo,
1104 2851 1264 2898 cum
1312 2829 1651 2898 civitatem
1703 2829 2143 2910 obambulas‚
2191 2828 2262 2896 in
2314 2842 2375 2897 te
2421 2828 2734 2897 advertit.

207 2916 540 2987 Dabimus
588 2940 866 3006 operam
929 2917 1223 3006 profecto
1254 2972 1269 2998 ‚
1340 2930 1416 2987 ut
1470 2918 1592 2986 tibi
1651 2919 1867 2987 multa
1916 2919 2094 2987 bona
2141 2940 2179 2985 a
2230 2917 2428 2986 nobis
2476 2937 2743 3003 semper

207 3005 559 3074 accedant.
596 3012 803 3096 Negat
851 3006 1115 3088 TobiaS,
1154 3020 1218 3075 et
1267 3006 1647 3096 periculum
1702 3007 1772 3074 in
1824 3006 2091 3095 negotio
2141 3006 2379 3076 multis
2434 3005 2743 3094 assignat

202 3094 611 3163 rationibus.
650 3099 726 3163 At
772 3094 874 3162 illi
924 3095 1069 3165 suis
1119 3095 1304 3163 hunc
1335 3094 1876 3164 execrationibus
1905 3095 2318 3184 astringunt,
2357 3106 2423 3162 et
2452 3093 2586 3162 nisi
2622 3115 2740 3183 pa-

205 3194 387 3262 reat,
454 3183 809 3252 minantur
865 3205 936 3251 se
987 3183 1086 3251 illi
1136 3195 1463 3274 perpetuo
1512 3183 1995 3253 interdicturos
2057 3187 2439 3273 Synagoga.
2495 3181 2740 3252 Tobias

204 3293 370 3360 ergo
409 3272 647 3342 videns
703 3293 941 3342 omnes
990 3272 1060 3339 in
1124 3293 1280 3340 eum
1334 3272 1788 3359 conspirasse,
1857 3283 1922 3340 et
1969 3272 2355 3361 praemium
2419 3271 2553 3340 sibi
2592 3271 2742 3360 jam

204 3359 352 3429 sore
384 3361 836 3461 propositum,
877 3361 1028 3428 auri
1061 3382 1261 3429 caeca
1308 3360 1635 3449 cupidine
1669 3370 1944 3451 captus:
2001 3360 2451 3449 «Aggrediar,
2488 3359 2736 3446 inquit,

204 3459 439 3539 patres
489 3448 774 3518 libenter
814 3449 1235 3539 provinciam
1287 3448 1489 3516 hanc.
1543 3453 1814 3530 Verum,
1860 3459 1936 3516 ut
1983 3448 2220 3528 nostis,
2277 3469 2538 3537 pauper
2584 3468 2742 3516 sum

203 3558 360 3626 eg0‚
398 3548 463 3605 et
509 3537 592 3606 ad
646 3537 1002 3606 commode
1050 3537 1413 3606 vivendum
1466 3558 1578 3605 ars
1627 3559 1776 3605 mea
1808 3557 1942 3604 non
1987 3536 2263 3607 sufficit.
2302 3540 2473 3604 Sunt
2496 3547 2561 3605 et
2592 3534 2746 3625 plu-

203 3646 319 3695 res
360 3626 531 3694 mihi
581 3625 818 3694 filioli:
871 3647 985 3696 eos
1031 3638 1096 3694 et
1154 3646 1264 3694 me
1320 3624 1509 3695 vobis
1555 3625 1762 3693 unice
1807 3625 2302 3693 commendo.»
2354 3623 2745 3714 Responde-

203 3725 374 3784 runt
429 3735 704 3784 omnes:
761 3714 1020 3783 «Adfer
1078 3735 1369 3804 puerum
1420 3712 1578 3792 huc,
1642 3712 1833 3781 nulla
1881 3713 2068 3781 enim
2115 3734 2419 3799 unquam
2471 3733 2544 3780 er
2594 3735 2634 3781 a
2681 3722 2744 3781 te

203 3824 336 3871 nos
368 3815 609 3892 arguet
642 3803 1147 3892 ingratitudo.»
1197 3808 1384 3871 Tunc
1418 3801 1500 3869 ad
1554 3800 1939 3870 Samuelem
1988 3823 2360 3870 conversus
2409 3822 2489 3889 pr
2586 3801 2738 3882 itor,

202 3891 468 3977 inquit:
525 3891 770 3961 «Nulla
807 3892 995 3961 clave
1035 3902 1260 3981 postes
1294 3889 1393 3959 tui
1419 3889 1947 3968 concludantur,
1979 3902 2057 3959 ut
2083 3889 2139 3958 si
2174 3888 2745 3975 mihiquisquam

204 3992 597 4069 opportune
643 3980 1025 4069 contigerit,
1071 3980 1250 4047 intro
1300 3978 1558 4068 possim
1620 3977 1817 4046 illum
1883 3978 2116 4046 leviter
2163 3976 2536 4067 impellere.
2586 3999 2620 4042 »
2670 3982 2747 4046 Et

207 4069 579 4139 transactis
617 4069 918 4170 vesperis
974 4089 1313 4158 egressuS,
1370 4066 1593 4156 coepit
1641 4079 1848 4135 totam
1898 4066 2220 4135 viciniam
2271 4066 2459 4136 solus
2505 4066 2746 4135 obam-

203 4155 487 4226 bulare:
544 4170 1021 4243 transiensque
1063 4177 1182 4245 per
1229 4155 1433 4236 viam,
1486 4176 1692 4242 quam
1730 4159 2081 4224 Fossatum
2121 4154 2370 4244 vulgus
2417 4176 2503 4243 ap
2556 4153 2738 4235 ellat,

206 4267 358 4315 sese
415 4268 635 4332 usque
683 4246 763 4314 ad
818 4246 1110 4336 plateam
1161 4243 1468 4313 celeriter
1517 4242 1885 4313 transtulit.
1939 4249 2015 4312 At
2062 4244 2181 4313 ubi
2230 4265 2498 4313 commo
2550 4264 2587 4311 e
2635 4243 2738 4310 re-

204 4334 387 4424 perit
433 4335 806 4490 nelminem,
872 4333 1057 4404 flexit
1117 4332 1244 4402 iter
1290 4354 1618 4424 propere,
1685 4331 1890 4402 simul
1942 4343 2008 4401 et
2053 4332 2336 4423 vestigia
2396 4343 2573 4401 retro
2621 4330 2740 4399 ob-

208 4435 475 4492 servata
532 4433 690 4513 egit.
