3327 4999
242 334 492 400 MART.
545 334 629 397 48
754 372 757 377 -
1130 351 1210 398 ms
1259 351 1315 398 s.
1367 349 1655 399 mszfflo
1701 348 1902 399 muse.
2137 328 2142 332 ’
2574 335 2702 401 345

237 436 535 528 negotiis
580 436 731 536 ejus
780 434 1076 504 maxime
1121 434 1409 504 consilio
1469 447 1673 522 atque
1720 436 1930 526 opera
1975 447 2304 505 uteretur.
2364 436 2490 507 Sed
2543 436 2602 508 is
2650 459 2789 507 non

240 539 382 596 tam
436 529 666 595 oneris
713 545 922 610 quam
985 524 1265 593 honoris
1294 523 1650 595 fastidiens
1682 580 1698 605 ‚
1756 527 2075 615 suscepta
2113 525 2199 594 ad
2249 525 2588 595 visitanda
2620 548 2786 596 san-

240 626 510 685 ctorum
582 613 841 699 aliquot
914 613 1197 694 limina,
1250 613 1382 684 voti
1433 616 1723 702 caussa,
1799 614 2344 703 peregrinatione
2380 669 2396 693 ‚
2480 616 2795 684 nescien-

236 703 425 774 tibus
469 703 594 790 qui
638 723 798 771 cum
838 702 988 792 ipso
1035 713 1228 771 erant
1259 703 1568 792 cognatis
1591 724 1672 771 ac
1717 700 2204 784 familiaribuS,
2263 703 2578 773 abdicato
2626 726 2668 773 a
2705 725 2780 773 se

234 791 669 872 Pontificatu,
714 791 1120 860 Monachum
1172 791 1244 860 in
1292 791 1737 860 celeberrimo
1787 795 1851 859 S.
1889 791 2236 861 Benedicti
2284 792 2781 881 Padolyroni8‚

234 882 390 970 agri
438 879 813 960 Mantuani,
868 880 1201 949 Coenobio
1252 879 1600 970 professus
1630 891 1754 948 est.
1811 880 1938 949 Sed
1988 902 2028 949 a
2071 880 2394 970 Gregorio
2431 887 2612 982 Papa
2648 902 2788 950 non

234 971 460 1040 multo
510 981 681 1060 post,
734 968 820 1052 ad
871 969 1235 1039 subeunda
1303 968 1644 1038 Ecclesiae
1704 990 1912 1037 onera
1971 973 2322 1059 repetituS,
2405 970 2663 1039 invitus
2710 992 2792 1038 ac

232 1059 584 1129 reluctans
623 1058 920 1126 -Lucensi
960 1058 1330 1127 Cathedrae
1378 1058 1606 1127 denuo
1674 1057 2065 1147 impositus,
2121 1071 2196 1128 ut
2246 1059 2642 1128 Monachica
2696 1071 2793 1128 ta-

232 1169 397 1219 men
470 1147 699 1218 studia
773 1160 974 1233 atque
1051 1147 1369 1216 exercitia
1442 1145 1836 1237 negligeret,
1903 1168 2026 1216 seu
2085 1147 2441 1217 cucullum
2505 1151 2785 1217 exueret

230 1259 621 1338 num-quam
670 1235 983 1336 animum
1032 1235 1323 1316 induxit,
1366 1256 1587 1322 neque
1625 1235 1761 1304 alio
1809 1235 1881 1303 in
1932 1235 2174 1305 habitu
2223 1248 2299 1305 ut
2347 1236 2781 1328 sepeliretur,

238 1348 548 1397 moriens
578 1337 780 1394 cavit.

328 1418 366 1502 ξ
415 1420 504 1485 2.
560 1412 1045 1483 Schismaticos
1091 1415 1318 1494 verbO,
1376 1412 1650 1502 scriptis
1697 1413 2146 1503 exemploque
2206 1436 2613 1504 aggressuS‚
2666 1412 2790 1482 ad-

232 1502 537 1572 mirabili
591 1504 912 1593 potentia‚
966 1503 1365 1571 auctoritate
1411 1514 1477 1571 et
1523 1502 1743 1591 gratia
1779 1503 2251 1591 triumphavit,
2304 1503 2775 1589 confuditque,

230 1615 315 1661 ac
365 1614 597 1672 suum,
652 1591 709 1660 si
752 1591 839 1659 ita
878 1591 1150 1659 numini
1180 1592 1429 1671 visum,
1467 1591 1674 1658 inille
1709 1591 2035 1680 periculis
2075 1614 2154 1661 ac
2188 1592 2523 1660 mortibus
2571 1601 2783 1682 caput

232 1702 563 1771 generose
610 1679 967 1765 objiciens,
1024 1679 1521 1749 ferventissimo
1570 1679 1748 1749 odiis
1797 1680 1866 1749 in
1906 1679 2278 1750 Ecclesiam
2326 1680 2617 1768 ejusque
2665 1702 2781 1749 ve-

236 1791 397 1838 rum
449 1768 844 1838 Pontificem
893 1768 1185 1837 Heni-ico
1234 1769 1501 1839 Caesari
1538 1768 1644 1857 (a)
1692 1790 1761 1837 se
1809 1791 1881 1838 se
1928 1791 2295 1859 opponere,
2340 1770 2787 1839 temeritatem

235 1860 674 1946 exprobrare,
728 1868 1015 1926 conatus
1061 1858 1361 1927 execrari
1421 1870 1487 1925 et
1549 1857 1808 1944 quibus
1860 1870 2088 1948 posset
2134 1859 2358 1927 modis
2405 1859 2788 1929 obtundere

238 1945 417 2014 nihil
466 1946 743 2029 veritus,
799 1946 867 2013 in
910 1946 1312 2027 Gilbertum,
1361 1947 1839 2036 imperatoriae
1888 1946 2204 2016 factionis
2250 1947 2554 2023 idolum,
2621 1946 2785 2015 reli-

242 2034 633 2125 giosissima
681 2047 1140 2120 contorquens
1172 2034 1325 2115 tela,
1361 2034 1715 2104 frendente
1753 2036 2069 2116 HenricO,
2107 2037 2332 2106 verbis
2373 2034 2789 2125 scriptisque

240 2123 761 2193 vehementibus
807 2124 1118 2193 fidelium
1168 2123 1439 2193 animos
1470 2121 1555 2191 ad
1583 2125 1733 2213 ejus
1782 2124 2294 2194 detestationem
2328 2125 2788 2194 eversionem-

240 2234 383 2299 que
429 2213 808 2282 concitavit.
864 2219 953 2283 Eo
1001 2224 1230 2281 autem
1278 2212 1348 2281 in
1401 2212 1645 2302 primis
1692 2212 1776 2281 de
1825 2213 2203 2303 Republica
2263 2212 2673 2295 Christiana,
2719 2216 2786 2282 et'

238 2306 547 2371 Romana
597 2301 897 2371 Ecclesia
946 2301 1216 2382 meruit,
1254 2322 1415 2370 cum
1461 2301 1611 2389 ejus
1645 2301 2117 2371 benedictione
2162 2314 2227 2371 et
2273 2303 2580 2372 oratione
2629 2324 2788 2371 mu-

235 2391 430 2460 nitus
479 2390 979 2460 Catholicorum
1026 2389 1363 2460 exercitus
1410 2389 1878 2489 prodigiosam
1915 2390 2346 2477 maximeque
2394 2412 2789 2461 memoran-

231 2479 396 2550 dam
446 2479 531 2549 de
563 2479 960 2570 ingentibus
1010 2478 1471 2551 schismaticis
1511 2478 1731 2569 copiis
1793 2479 2144 2550 victoriam
2209 2480 2595 2570 reportavit,
2640 2492 2782 2549 tam

231 2569 503 2639 validae
550 2570 679 2638 viri
726 2570 939 2638 unius
991 2591 1225 2660 preces
1271 2569 1553 2638 fuerunt
1597 2568 1855 2655 quibus
1917 2581 2103 2638 tanta
2148 2569 2251 2639 vis
2301 2569 2599 2638 hostium
2661 2570 2786 2638 ob-

234 2667 590 2728 tereretur.
643 2664 774 2727 Nec
814 2659 1045 2730 minus
1076 2659 1280 2728 etiam
1332 2680 1371 2726 a
1420 2669 1636 2727 morte
1684 2657 1752 2725 in
1787 2658 2062 2727 eosdem
2106 2670 2345 2747 potens
2393 2656 2785 2727 innumeris

232 2758 301 2816 et
339 2747 768 2838 gravissimis
800 2769 1175 2818 coruscans
1210 2746 1589 2820 miraculis.
1646 2746 2122 2816 schismaticos
2156 2747 2494 2837 plurimos
2541 2746 2627 2814 ad
2659 2751 2786 2814 Ec-

232 2835 485 2906 clesiae
517 2836 858 2926 gremium
909 2836 1200 2916 reduxit,
1245 2834 1760 2905 considerantes
1807 2857 1966 2904 eum
2021 2839 2369 2927 tantopere
2416 2859 2457 2904 a
2496 2841 2629 2904 Deo
2662 2834 2790 2902 ho-

233 2925 494 3004 norari,
547 2925 695 3012 qui,
724 2946 846 3015 pro
879 2925 1202 3016 Gregorio
1250 2930 1365 2994 VII
1407 2937 1586 2996 stare
1631 2936 1695 2993 et
1728 2947 2039 3015 pugnare
2085 2925 2172 2993 ad
2223 2937 2512 2995 mortem
2564 2944 2791 3010 usque

230 3036 623 3100 numquam
673 3013 897 3082 desiit.

324 3104 362 3187 ξ
417 3108 508 3173 8.
562 3108 727 3171 Cum
768 3102 1163 3172 felicissime
1210 3100 1296 3172 ad
1338 3082 1759 3173 aeternitatis
1820 3124 2144 3172 coronam
2202 3115 2268 3172 et
2315 3113 2789 3204 propugnato-

227 3212 391 3260 rum
443 3190 782 3261 Ecclesiae
829 3192 1137 3282 praemia
1177 3191 1267 3259 mi
1327 3202 1562 3270 rasset,
1600 3191 1752 3259 e'us
1800 3213 2075 3261 sacrum
2135 3215 2389 3283 corpus
2437 3215 2508 3261 m
2560 3197 2791 3261 Mona-

234 3278 446 3349 sterio
494 3280 801 3370 primum
850 3303 976 3350 suo
1004 3285 1068 3349 S.
1106 3286 1279 3349 Bene
1332 3280 1451 3349 icti
1481 3300 1608 3348 con
1669 3280 1862 3361 itum,
1917 3294 2148 3369 postea
2186 3287 2530 3350 Mantuam
2566 3292 2791 3349 trans-

232 3368 477 3448 latum,
530 3390 946 3455 summoque
973 3391 1132 3439 cum
1167 3368 1421 3438 honore
1458 3380 1522 3438 et
1570 3368 1826 3437 civium
1860 3370 2340 3459 gratulatione,
2378 3371 2446 3438 in
2482 3368 2788 3439 Ecclesia

230 3456 620 3526 cathedrali
667 3457 925 3533 ibidem
970 3457 1371 3548 repositum,
1426 3469 1705 3526 aeterna
1743 3479 1904 3527 cum
1963 3458 2503 3538 Haereticorum‚
2569 3456 2790 3527 nostri

231 3544 442 3615 etiam
484 3546 833 3635 temporiS‚
887 3546 1206 3636 Gregorio
1257 3551 1372 3615 VII
1404 3545 1741 3616 hostiliter
1789 3545 2300 3619 adversantium
2352 3545 2782 3624 confusione,

229 3633 604 3704 dormienti
637 3634 937 3705 similius
984 3657 1191 3722 quam
1241 3647 1511 3704 mortuo
1546 3635 1615 3703 in
1670 3635 2086 3706 hodiernum
2119 3657 2340 3722 usquc
2385 3635 2594 3715 diem,
2639 3656 2789 3703 cer-

228 3722 428 3792 nitur
491 3723 1014 3814 integerrimum
1064 3737 1266 3810 atque
1313 3723 1822 3814 incorruptum.
1879 3726 2034 3795 Fuit
2080 3725 2442 3794 Anselmus
2488 3723 2790 3792 celeber-

226 3811 450 3883 rimae
495 3812 687 3882 illius
761 3812 1141 3902 Principis,
1197 3817 1542 3881 Romanae
1607 3812 1954 3882 Ecclesiae
2003 3812 2379 3883 donatricis
2437 3810 2788 3881 Mathildis

228 3901 607 3971 instructor
645 3901 1125 3972 sanctissimus
1150 3900 1269 3991 (ab
1316 3901 1696 3970 Alexandro
1731 3907 1936 3991 Papa,
1978 3900 2375 3972 Ildebrandi
2423 3900 2786 3971 decessore

227 3989 665 4079 destinatus),
717 3990 1315 4076 conscientiaeque
1383 3991 1662 4070 arbiter,
1732 4012 1812 4059 ac
1863 3991 2040 4060 vitae
2090 3990 2518 4071 moderator,
2574 4000 2651 4059 ut
2698 3987 2788 4058 ad

228 4078 462 4169 ipsum
511 4079 718 4149 etiam
786 4079 1126 4169 pertinere
1188 4078 1497 4169 ejusdem
1563 4078 1647 4147 de
1695 4080 2001 4149 Ecclesia
2073 4080 2314 4148 merita
2363 4078 2728 4149 videantur
2763 4131 2778 4159 ‚

233 4167 438 4256 cujus
486 4190 654 4239 sane
702 4167 943 4240 laudes
992 4166 1185 4237 nulla
1232 4167 1399 4240 satis
1446 4168 1811 4258 posteritas
1858 4178 2063 4255 queat
2105 4167 2475 4238 celebrare.

287 4365 348 4413 qa)
375 4365 606 4406 Ποτιτίους
622 4367 740 4415 Imp.
758 4366 861 4414 huj.
881 4365 1089 4405 nominis
1109 4364 1193 4404 111.
1217 4365 1272 4404 ut
1291 4364 1569 4404 Germaniae
1589 4365 1750 4405 autem
1775 4366 1889 4410 Rex,
1908 4365 1984 4405 IV.
2003 4365 2209 4406 Disstdto
2230 4366 2330 4406 fere
2345 4366 2576 4414 perpetuo
2593 4363 2790 4403 avulsus

231 4428 261 4458 a
279 4418 406 4459 Rom.
423 4420 661 4466 Pontifice,
679 4420 806 4468 quod
826 4420 1081 4468 Episcopus
1102 4420 1151 4457 et.
1168 4419 1369 4458 Abbates
1391 4419 1565 4466 partim
1587 4417 1792 4468 pecnnia
1809 4417 2082 4471 simoniacffl,
2103 4420 2279 4469 partim
2297 4419 2583 4460 auctoritate
2612 4416 2785 4457 consti-

230 4472 369 4513 tuere
387 4474 597 4521 auderet,
618 4483 759 4523 quam
776 4473 1059 4523 potestatem
1076 4472 1219 4522 vulgo
1243 4473 1545 4512 investituram
1564 4473 1880 4521 appellabant.
