<?xml version="1.0" encoding="UTF-8"?>
<!DOCTYPE html PUBLIC "-//W3C//DTD XHTML 1.0 Transitional//EN"
    "http://www.w3.org/TR/xhtml1/DTD/xhtml1-transitional.dtd">
<html xmlns="http://www.w3.org/1999/xhtml" xml:lang="en" lang="en">
 <head>
  <title>
</title>
<meta http-equiv="Content-Type" content="text/html;charset=utf-8" />
  <meta name='ocr-system' content='tesseract 3.04.00' />
  <meta name='ocr-capabilities' content='ocr_page ocr_carea ocr_par ocr_line ocrx_word'/>
</head>
<body>
  <div class='ocr_page' id='page_1' title='image "./historiaeseuvit04lippgoog_0460.png"; bbox 0 0 3327 4999; ppageno 0'>
   <div class='ocr_carea' id='block_1_1' title="bbox 593 353 3069 422">
    <p class='ocr_par' dir='ltr' id='par_1_1' title="bbox 593 353 3069 422">
     <span class='ocr_line' id='line_1_1' title="bbox 593 353 3069 422; baseline -0.001 0"><span class='ocrx_word' id='word_1_1' title='bbox 593 357 726 422; x_wconf 74' lang='lat'>446</span> <span class='ocrx_word' id='word_1_2' title='bbox 1191 372 1270 419; x_wconf 66' lang='grc' dir='ltr'>ως</span> <span class='ocrx_word' id='word_1_3' title='bbox 1318 372 1374 419; x_wconf 90' lang='lat' dir='ltr'>s.</span> <span class='ocrx_word' id='word_1_4' title='bbox 1428 367 1793 419; x_wconf 61' lang='lat' dir='ltr'>carnAmNA</span> <span class='ocrx_word' id='word_1_5' title='bbox 1841 370 2010 418; x_wconf 71' lang='lat' dir='ltr'>vute.</span> <span class='ocrx_word' id='word_1_6' title='bbox 2064 371 2141 417; x_wconf 76' lang='lat' dir='ltr'>m·</span> <span class='ocrx_word' id='word_1_7' title='bbox 2186 366 2383 418; x_wconf 75' lang='lat' dir='ltr'>vaA</span> <span class='ocrx_word' id='word_1_8' title='bbox 2671 353 2919 419; x_wconf 77' lang='lat' dir='ltr'><strong>MART.</strong></span> <span class='ocrx_word' id='word_1_9' title='bbox 2974 355 3069 420; x_wconf 73' lang='lat'>22</span> 
     </span>
    </p>
   </div>
   <div class='ocr_carea' id='block_1_2' title="bbox 445 453 3103 4514">
    <p class='ocr_par' dir='ltr' id='par_1_2' title="bbox 497 453 3071 626">
     <span class='ocr_line' id='line_1_2' title="bbox 502 453 3071 549; baseline -0 -22"><span class='ocrx_word' id='word_1_10' title='bbox 502 458 946 549; x_wconf 88' lang='lat' dir='ltr'>protectione,</span> <span class='ocrx_word' id='word_1_11' title='bbox 981 455 1316 527; x_wconf 79' lang='lat' dir='ltr'>Assisium</span> <span class='ocrx_word' id='word_1_12' title='bbox 1341 467 1822 545; x_wconf 87' lang='lat' dir='ltr'>pervenerunt,</span> <span class='ocrx_word' id='word_1_13' title='bbox 1857 454 1978 525; x_wconf 91' lang='lat' dir='ltr'>ubi</span> <span class='ocrx_word' id='word_1_14' title='bbox 2005 453 2264 524; x_wconf 92' lang='lat' dir='ltr'>divinis</span> <span class='ocrx_word' id='word_1_15' title='bbox 2293 476 2454 523; x_wconf 93' lang='lat' dir='ltr'>cum</span> <span class='ocrx_word' id='word_1_16' title='bbox 2472 466 3071 526; x_wconf 83' lang='lat' dir='ltr'>essentrecreatae</span> 
     </span>
     <span class='ocr_line' id='line_1_3' title="bbox 497 544 2023 626; baseline -0.003 -10"><span class='ocrx_word' id='word_1_17' title='bbox 497 544 1115 626; x_wconf 75' lang='lat' dir='ltr'>consolationibuS,</span> <span class='ocrx_word' id='word_1_18' title='bbox 1152 549 1441 613; x_wconf 83' lang='lat' dir='ltr'>Romam</span> <span class='ocrx_word' id='word_1_19' title='bbox 1478 565 1789 613; x_wconf 90' lang='lat' dir='ltr'>reversae</span> <span class='ocrx_word' id='word_1_20' title='bbox 1839 554 2023 611; x_wconf 90' lang='lat' dir='ltr'>sunt.</span> 
     </span>
    </p>

    <p class='ocr_par' dir='ltr' id='par_1_3' title="bbox 488 630 3067 1340">
     <span class='ocr_line' id='line_1_4' title="bbox 586 630 3067 722; baseline -0.003 -13"><span class='ocrx_word' id='word_1_21' title='bbox 586 637 624 722; x_wconf 69' lang='grc' dir='ltr'>ἓ</span> <span class='ocrx_word' id='word_1_22' title='bbox 686 640 829 708; x_wconf 75' lang='lat' dir='ltr'>u.</span> <span class='ocrx_word' id='word_1_23' title='bbox 886 637 1183 702; x_wconf 83' lang='lat' dir='ltr'>Cernens</span> <span class='ocrx_word' id='word_1_24' title='bbox 1212 644 1442 700; x_wconf 90' lang='lat' dir='ltr'>autem</span> <span class='ocrx_word' id='word_1_25' title='bbox 1493 631 1860 702; x_wconf 77' lang='lat' dir='ltr'>catharina</span> <span class='ocrx_word' id='word_1_26' title='bbox 1892 644 2032 700; x_wconf 87' lang='lat' dir='ltr'>tam</span> <span class='ocrx_word' id='word_1_27' title='bbox 2081 630 2421 700; x_wconf 87' lang='lat' dir='ltr'>evidentia</span> <span class='ocrx_word' id='word_1_28' title='bbox 2453 651 2618 720; x_wconf 88' lang='lat' dir='ltr'>erga</span> <span class='ocrx_word' id='word_1_29' title='bbox 2667 654 2738 700; x_wconf 93' lang='lat' dir='ltr'>se</span> <span class='ocrx_word' id='word_1_30' title='bbox 2786 631 3067 702; x_wconf 87' lang='lat' dir='ltr'>divinae</span> 
     </span>
     <span class='ocr_line' id='line_1_5' title="bbox 494 719 3061 811; baseline -0.001 -18"><span class='ocrx_word' id='word_1_31' title='bbox 494 722 825 793; x_wconf 88' lang='lat' dir='ltr'>bonitatis</span> <span class='ocrx_word' id='word_1_32' title='bbox 876 721 1159 800; x_wconf 91' lang='lat' dir='ltr'>indicia,</span> <span class='ocrx_word' id='word_1_33' title='bbox 1213 732 1288 788; x_wconf 90' lang='lat' dir='ltr'>ut</span> <span class='ocrx_word' id='word_1_34' title='bbox 1338 721 1765 810; x_wconf 90' lang='lat' dir='ltr'>praepotenti</span> <span class='ocrx_word' id='word_1_35' title='bbox 1802 726 1929 788; x_wconf 91' lang='lat' dir='ltr'>Deo</span> <span class='ocrx_word' id='word_1_36' title='bbox 1983 730 2209 809; x_wconf 91' lang='lat' dir='ltr'>posset</span> <span class='ocrx_word' id='word_1_37' title='bbox 2242 719 2465 809; x_wconf 90' lang='lat' dir='ltr'>magis</span> <span class='ocrx_word' id='word_1_38' title='bbox 2501 721 2860 811; x_wconf 82' lang='lat' dir='ltr'>magisque</span> <span class='ocrx_word' id='word_1_39' title='bbox 2907 721 3061 811; x_wconf 90' lang='lat' dir='ltr'>pla-</span> 
     </span>
     <span class='ocr_line' id='line_1_6' title="bbox 495 808 3058 896; baseline -0.001 -17"><span class='ocrx_word' id='word_1_40' title='bbox 495 832 675 891; x_wconf 90' lang='lat' dir='ltr'>cere,</span> <span class='ocrx_word' id='word_1_41' title='bbox 731 810 1060 878; x_wconf 90' lang='lat' dir='ltr'>virtutum</span> <span class='ocrx_word' id='word_1_42' title='bbox 1094 819 1518 877; x_wconf 89' lang='lat' dir='ltr'>caeterarum</span> <span class='ocrx_word' id='word_1_43' title='bbox 1570 808 2128 887; x_wconf 87' lang='lat' dir='ltr'>fundamentum,</span> <span class='ocrx_word' id='word_1_44' title='bbox 2188 820 2356 896; x_wconf 88' lang='lat' dir='ltr'>puta</span> <span class='ocrx_word' id='word_1_45' title='bbox 2404 821 2714 877; x_wconf 82' lang='lat' dir='ltr'>sanctam</span> <span class='ocrx_word' id='word_1_46' title='bbox 2767 808 3058 877; x_wconf 88' lang='lat' dir='ltr'>humili-</span> 
     </span>
     <span class='ocr_line' id='line_1_7' title="bbox 492 894 3050 985; baseline 0 -19"><span class='ocrx_word' id='word_1_47' title='bbox 492 909 727 978; x_wconf 82' lang='lat' dir='ltr'>tatem,</span> <span class='ocrx_word' id='word_1_48' title='bbox 773 896 1169 983; x_wconf 79' lang='lat' dir='ltr'>usqueadeo</span> <span class='ocrx_word' id='word_1_49' title='bbox 1229 906 1483 966; x_wconf 87' lang='lat' dir='ltr'>sectata</span> <span class='ocrx_word' id='word_1_50' title='bbox 1530 907 1654 976; x_wconf 88' lang='lat' dir='ltr'>est,</span> <span class='ocrx_word' id='word_1_51' title='bbox 1722 907 1798 965; x_wconf 91' lang='lat' dir='ltr'>ut</span> <span class='ocrx_word' id='word_1_52' title='bbox 1848 918 1983 966; x_wconf 87' lang='lat' dir='ltr'>non</span> <span class='ocrx_word' id='word_1_53' title='bbox 2036 894 2240 971; x_wconf 79' lang='lat' dir='ltr'>modo</span> <span class='ocrx_word' id='word_1_54' title='bbox 2289 895 2424 964; x_wconf 91' lang='lat' dir='ltr'>sibi</span> <span class='ocrx_word' id='word_1_55' title='bbox 2487 896 2623 985; x_wconf 91' lang='lat' dir='ltr'>ipsi</span> <span class='ocrx_word' id='word_1_56' title='bbox 2672 896 3050 976; x_wconf 84' lang='lat' dir='ltr'>vilesceret.</span> 
     </span>
     <span class='ocr_line' id='line_1_8' title="bbox 493 983 3057 1072; baseline -0 -17"><span class='ocrx_word' id='word_1_57' title='bbox 493 985 613 1055; x_wconf 89' lang='lat' dir='ltr'>sed</span> <span class='ocrx_word' id='word_1_58' title='bbox 657 984 856 1054; x_wconf 89' lang='lat' dir='ltr'>vellet</span> <span class='ocrx_word' id='word_1_59' title='bbox 887 985 1092 1054; x_wconf 91' lang='lat' dir='ltr'>etiam</span> <span class='ocrx_word' id='word_1_60' title='bbox 1144 985 1232 1053; x_wconf 93' lang='lat' dir='ltr'>ab</span> <span class='ocrx_word' id='word_1_61' title='bbox 1262 983 1419 1053; x_wconf 90' lang='lat' dir='ltr'>aliis</span> <span class='ocrx_word' id='word_1_62' title='bbox 1456 984 1614 1053; x_wconf 90' lang='lat' dir='ltr'>vilis</span> <span class='ocrx_word' id='word_1_63' title='bbox 1647 983 1910 1064; x_wconf 90' lang='lat' dir='ltr'>haberi,</span> <span class='ocrx_word' id='word_1_64' title='bbox 1942 997 2007 1053; x_wconf 90' lang='lat' dir='ltr'>et</span> <span class='ocrx_word' id='word_1_65' title='bbox 2053 983 2218 1053; x_wconf 92' lang='lat' dir='ltr'>duci</span> <span class='ocrx_word' id='word_1_66' title='bbox 2267 1005 2391 1072; x_wconf 89' lang='lat' dir='ltr'>pro</span> <span class='ocrx_word' id='word_1_67' title='bbox 2427 983 2668 1053; x_wconf 87' lang='lat' dir='ltr'><strong>nihilo.</strong></span> <span class='ocrx_word' id='word_1_68' title='bbox 2706 989 2783 1053; x_wconf 91' lang='lat' dir='ltr'>Et</span> <span class='ocrx_word' id='word_1_69' title='bbox 2809 1007 3057 1071; x_wconf 90' lang='lat' dir='ltr'>quam-</span> 
     </span>
     <span class='ocr_line' id='line_1_9' title="bbox 489 1072 3049 1163; baseline 0.002 -25"><span class='ocrx_word' id='word_1_70' title='bbox 489 1073 594 1141; x_wconf 86' lang='lat' dir='ltr'>vis</span> <span class='ocrx_word' id='word_1_71' title='bbox 641 1074 794 1162; x_wconf 87' lang='lat' dir='ltr'>ejus</span> <span class='ocrx_word' id='word_1_72' title='bbox 844 1072 1198 1163; x_wconf 90' lang='lat' dir='ltr'>praeclara</span> <span class='ocrx_word' id='word_1_73' title='bbox 1244 1082 1551 1142; x_wconf 80' lang='lat' dir='ltr'>extarent</span> <span class='ocrx_word' id='word_1_74' title='bbox 1598 1073 1775 1141; x_wconf 90' lang='lat' dir='ltr'>vitae</span> <span class='ocrx_word' id='word_1_75' title='bbox 1837 1072 2081 1141; x_wconf 91' lang='lat' dir='ltr'>merita</span> <span class='ocrx_word' id='word_1_76' title='bbox 2111 1126 2125 1150; x_wconf 93' lang='lat'>,</span> <span class='ocrx_word' id='word_1_77' title='bbox 2191 1093 2626 1159; x_wconf 86' lang='lat' dir='ltr'>nequaquam</span> <span class='ocrx_word' id='word_1_78' title='bbox 2682 1083 2911 1142; x_wconf 90' lang='lat' dir='ltr'>tamen</span> <span class='ocrx_word' id='word_1_79' title='bbox 2963 1073 3049 1143; x_wconf 89' lang='lat' dir='ltr'>ab</span> 
     </span>
     <span class='ocr_line' id='line_1_10' title="bbox 491 1160 3049 1250; baseline 0 -20"><span class='ocrx_word' id='word_1_80' title='bbox 491 1161 650 1230; x_wconf 89' lang='lat' dir='ltr'>aliis</span> <span class='ocrx_word' id='word_1_81' title='bbox 697 1160 828 1229; x_wconf 90' lang='lat' dir='ltr'>sibi</span> <span class='ocrx_word' id='word_1_82' title='bbox 883 1160 1316 1230; x_wconf 81' lang='lat' dir='ltr'>sanctitatem</span> <span class='ocrx_word' id='word_1_83' title='bbox 1378 1160 1594 1230; x_wconf 89' lang='lat' dir='ltr'>voluit</span> <span class='ocrx_word' id='word_1_84' title='bbox 1642 1160 1948 1240; x_wconf 82' lang='lat' dir='ltr'>attribui,</span> <span class='ocrx_word' id='word_1_85' title='bbox 2004 1160 2124 1229; x_wconf 90' lang='lat' dir='ltr'>sed</span> <span class='ocrx_word' id='word_1_86' title='bbox 2175 1161 2404 1250; x_wconf 88' lang='lat' dir='ltr'>potius</span> <span class='ocrx_word' id='word_1_87' title='bbox 2454 1181 2590 1230; x_wconf 92' lang='lat' dir='ltr'>non</span> <span class='ocrx_word' id='word_1_88' title='bbox 2653 1160 2788 1230; x_wconf 88' lang='lat' dir='ltr'>alio</span> <span class='ocrx_word' id='word_1_89' title='bbox 2835 1181 3049 1247; x_wconf 90' lang='lat' dir='ltr'>quam</span> 
     </span>
     <span class='ocr_line' id='line_1_11' title="bbox 488 1248 3047 1340; baseline 0 -23"><span class='ocrx_word' id='word_1_90' title='bbox 488 1249 894 1340; x_wconf 87' lang='lat' dir='ltr'>peccatricis</span> <span class='ocrx_word' id='word_1_91' title='bbox 943 1249 1092 1319; x_wconf 88' lang='lat' dir='ltr'>loco</span> <span class='ocrx_word' id='word_1_92' title='bbox 1141 1248 1405 1318; x_wconf 88' lang='lat' dir='ltr'>haberi.</span> <span class='ocrx_word' id='word_1_93' title='bbox 1445 1250 1542 1317; x_wconf 80' lang='lat' dir='ltr'>Ab</span> <span class='ocrx_word' id='word_1_94' title='bbox 1591 1248 1712 1317; x_wconf 88' lang='lat' dir='ltr'>illa</span> <span class='ocrx_word' id='word_1_95' title='bbox 1763 1271 1916 1317; x_wconf 91' lang='lat' dir='ltr'>vero</span> <span class='ocrx_word' id='word_1_96' title='bbox 1965 1248 2235 1317; x_wconf 84' lang='lat' dir='ltr'>interna</span> <span class='ocrx_word' id='word_1_97' title='bbox 2284 1248 2500 1316; x_wconf 90' lang='lat' dir='ltr'>animi</span> <span class='ocrx_word' id='word_1_98' title='bbox 2551 1249 3047 1318; x_wconf 88' lang='lat' dir='ltr'>summissione</span> 
     </span>
    </p>

    <p class='ocr_par' dir='ltr' id='par_1_4' title="bbox 481 1335 3103 2197">
     <span class='ocr_line' id='line_1_12' title="bbox 541 1335 3047 1425; baseline 0 -19"><span class='ocrx_word' id='word_1_99' title='bbox 541 1337 1061 1408; x_wconf 82' lang='lat' dir='ltr'>rosiciscebatur</span> <span class='ocrx_word' id='word_1_100' title='bbox 1106 1337 1397 1405; x_wconf 83' lang='lat' dir='ltr'>exterior</span> <span class='ocrx_word' id='word_1_101' title='bbox 1427 1336 1548 1405; x_wconf 91' lang='lat' dir='ltr'>illa</span> <span class='ocrx_word' id='word_1_102' title='bbox 1597 1337 1707 1406; x_wconf 90' lang='lat' dir='ltr'>sui</span> <span class='ocrx_word' id='word_1_103' title='bbox 1756 1337 2070 1425; x_wconf 83' lang='lat' dir='ltr'>abjectiO,</span> <span class='ocrx_word' id='word_1_104' title='bbox 2125 1349 2328 1423; x_wconf 88' lang='lat' dir='ltr'>atque</span> <span class='ocrx_word' id='word_1_105' title='bbox 2359 1335 2754 1405; x_wconf 86' lang='lat' dir='ltr'>humiliatio</span> <span class='ocrx_word' id='word_1_106' title='bbox 2787 1338 2859 1405; x_wconf 91' lang='lat' dir='ltr'>in</span> <span class='ocrx_word' id='word_1_107' title='bbox 2900 1360 3047 1406; x_wconf 83' lang='lat' dir='ltr'>ver·-</span> 
     </span>
     <span class='ocr_line' id='line_1_13' title="bbox 487 1359 3103 1515; baseline 0 -21"><span class='ocrx_word' id='word_1_108' title='bbox 487 1359 598 1494; x_wconf 60' lang='grc' dir='ltr'>Εἰς</span> <span class='ocrx_word' id='word_1_109' title='bbox 645 1435 711 1494; x_wconf 92' lang='lat' dir='ltr'>et</span> <span class='ocrx_word' id='word_1_110' title='bbox 756 1425 1066 1515; x_wconf 83' lang='lat' dir='ltr'>corporis</span> <span class='ocrx_word' id='word_1_111' title='bbox 1116 1424 1399 1506; x_wconf 88' lang='lat' dir='ltr'>habitu,</span> <span class='ocrx_word' id='word_1_112' title='bbox 1473 1425 1885 1511; x_wconf 85' lang='lat' dir='ltr'>cunctisque</span> <span class='ocrx_word' id='word_1_113' title='bbox 1950 1424 2362 1495; x_wconf 86' lang='lat' dir='ltr'>actionibus.</span> <span class='ocrx_word' id='word_1_114' title='bbox 2420 1430 2551 1493; x_wconf 87' lang='lat' dir='ltr'>Nec</span> <span class='ocrx_word' id='word_1_115' title='bbox 2600 1423 2776 1493; x_wconf 83' lang='lat' dir='ltr'>ferre</span> <span class='ocrx_word' id='word_1_116' title='bbox 2824 1446 3045 1512; x_wconf 88' lang='lat' dir='ltr'>aequo</span> <span class='ocrx_word' id='word_1_117' title='bbox 3080 1500 3103 1513; x_wconf 52' lang='grc'><strong><em>,</em></strong></span> 
     </span>
     <span class='ocr_line' id='line_1_14' title="bbox 484 1511 3080 1604; baseline -0 -22"><span class='ocrx_word' id='word_1_118' title='bbox 484 1524 752 1604; x_wconf 89' lang='lat' dir='ltr'>poterat</span> <span class='ocrx_word' id='word_1_119' title='bbox 798 1513 1055 1592; x_wconf 90' lang='lat' dir='ltr'>animo,</span> <span class='ocrx_word' id='word_1_120' title='bbox 1097 1524 1174 1581; x_wconf 92' lang='lat' dir='ltr'>ut</span> <span class='ocrx_word' id='word_1_121' title='bbox 1220 1514 1310 1582; x_wconf 90' lang='lat' dir='ltr'>ab</span> <span class='ocrx_word' id='word_1_122' title='bbox 1356 1534 1710 1598; x_wconf 87' lang='lat' dir='ltr'>quoquam</span> <span class='ocrx_word' id='word_1_123' title='bbox 1762 1513 2186 1593; x_wconf 88' lang='lat' dir='ltr'>laudaretur,</span> <span class='ocrx_word' id='word_1_124' title='bbox 2225 1511 2503 1581; x_wconf 91' lang='lat' dir='ltr'>laudem</span> <span class='ocrx_word' id='word_1_125' title='bbox 2553 1533 2830 1581; x_wconf 90' lang='lat' dir='ltr'>omnem</span> <span class='ocrx_word' id='word_1_126' title='bbox 2882 1535 3080 1591; x_wconf 45' lang='lat' dir='ltr'>suos</span> 
     </span>
     <span class='ocr_line' id='line_1_15' title="bbox 485 1599 3047 1687; baseline 0 -17"><span class='ocrx_word' id='word_1_127' title='bbox 485 1622 644 1670; x_wconf 89' lang='lat' dir='ltr'>rum</span> <span class='ocrx_word' id='word_1_128' title='bbox 694 1614 874 1669; x_wconf 90' lang='lat' dir='ltr'>recte</span> <span class='ocrx_word' id='word_1_129' title='bbox 926 1599 1264 1669; x_wconf 87' lang='lat' dir='ltr'>sactorum</span> <span class='ocrx_word' id='word_1_130' title='bbox 1331 1600 1433 1669; x_wconf 91' lang='lat' dir='ltr'>illi</span> <span class='ocrx_word' id='word_1_131' title='bbox 1500 1601 1868 1670; x_wconf 85' lang='lat' dir='ltr'>transcribi</span> <span class='ocrx_word' id='word_1_132' title='bbox 1937 1600 2207 1675; x_wconf 84' lang='lat' dir='ltr'>volens,</span> <span class='ocrx_word' id='word_1_133' title='bbox 2274 1622 2479 1687; x_wconf 92' lang='lat' dir='ltr'>quem</span> <span class='ocrx_word' id='word_1_134' title='bbox 2547 1600 2807 1670; x_wconf 86' lang='lat' dir='ltr'>sciebat</span> <span class='ocrx_word' id='word_1_135' title='bbox 2863 1601 3047 1671; x_wconf 87' lang='lat' dir='ltr'>bona</span> 
     </span>
     <span class='ocr_line' id='line_1_16' title="bbox 485 1686 3043 1777; baseline 0 -19"><span class='ocrx_word' id='word_1_136' title='bbox 485 1689 722 1758; x_wconf 89' lang='lat' dir='ltr'>omnia</span> <span class='ocrx_word' id='word_1_137' title='bbox 770 1690 842 1757; x_wconf 92' lang='lat' dir='ltr'>in</span> <span class='ocrx_word' id='word_1_138' title='bbox 895 1689 1095 1758; x_wconf 89' lang='lat' dir='ltr'>nobis</span> <span class='ocrx_word' id='word_1_139' title='bbox 1156 1686 1424 1758; x_wconf 82' lang='lat' dir='ltr'>efficere</span> <span class='ocrx_word' id='word_1_140' title='bbox 1479 1700 1545 1758; x_wconf 93' lang='lat' dir='ltr'>et</span> <span class='ocrx_word' id='word_1_141' title='bbox 1590 1689 1886 1777; x_wconf 90' lang='lat' dir='ltr'>operari.</span> <span class='ocrx_word' id='word_1_142' title='bbox 1942 1688 2280 1758; x_wconf 86' lang='lat' dir='ltr'>Charitate</span> <span class='ocrx_word' id='word_1_143' title='bbox 2345 1710 2621 1774; x_wconf 91' lang='lat' dir='ltr'>quoque</span> <span class='ocrx_word' id='word_1_144' title='bbox 2690 1689 2759 1757; x_wconf 93' lang='lat' dir='ltr'>in</span> <span class='ocrx_word' id='word_1_145' title='bbox 2827 1692 3043 1759; x_wconf 88' lang='lat' dir='ltr'>Deum</span> 
     </span>
     <span class='ocr_line' id='line_1_17' title="bbox 484 1776 3044 1866; baseline 0 -21"><span class='ocrx_word' id='word_1_146' title='bbox 484 1776 616 1845; x_wconf 90' lang='lat' dir='ltr'>fuit</span> <span class='ocrx_word' id='word_1_147' title='bbox 647 1777 936 1846; x_wconf 85' lang='lat' dir='ltr'>eximia:</span> <span class='ocrx_word' id='word_1_148' title='bbox 989 1788 1054 1846; x_wconf 91' lang='lat' dir='ltr'>et</span> <span class='ocrx_word' id='word_1_149' title='bbox 1100 1788 1177 1846; x_wconf 88' lang='lat' dir='ltr'>ut</span> <span class='ocrx_word' id='word_1_150' title='bbox 1206 1776 1609 1848; x_wconf 90' lang='lat' dir='ltr'>omittamus</span> <span class='ocrx_word' id='word_1_151' title='bbox 1657 1799 1810 1846; x_wconf 91' lang='lat' dir='ltr'>eam</span> <span class='ocrx_word' id='word_1_152' title='bbox 1846 1777 1932 1845; x_wconf 90' lang='lat' dir='ltr'>ab</span> <span class='ocrx_word' id='word_1_153' title='bbox 1980 1777 2270 1845; x_wconf 90' lang='lat' dir='ltr'>infantia</span> <span class='ocrx_word' id='word_1_154' title='bbox 2304 1798 2538 1866; x_wconf 88' lang='lat' dir='ltr'>preces</span> <span class='ocrx_word' id='word_1_155' title='bbox 2579 1776 2906 1848; x_wconf 87' lang='lat' dir='ltr'>Horarias</span> <span class='ocrx_word' id='word_1_156' title='bbox 2936 1777 3044 1845; x_wconf 90' lang='lat' dir='ltr'>di-</span> 
     </span>
     <span class='ocr_line' id='line_1_18' title="bbox 484 1863 3042 1964; baseline 0 -31"><span class='ocrx_word' id='word_1_157' title='bbox 484 1886 610 1933; x_wconf 87' lang='lat' dir='ltr'>vae</span> <span class='ocrx_word' id='word_1_158' title='bbox 657 1864 772 1934; x_wconf 90' lang='lat' dir='ltr'>Vir</span> <span class='ocrx_word' id='word_1_159' title='bbox 823 1864 981 1945; x_wconf 81' lang='lat' dir='ltr'>iniS,</span> <span class='ocrx_word' id='word_1_160' title='bbox 1038 1885 1109 1934; x_wconf 91' lang='lat' dir='ltr'>se</span> <span class='ocrx_word' id='word_1_161' title='bbox 1163 1877 1297 1932; x_wconf 87' lang='lat' dir='ltr'>tem</span> <span class='ocrx_word' id='word_1_162' title='bbox 1349 1863 1679 1964; x_wconf 84' lang='lat' dir='ltr'>psalmos,</span> <span class='ocrx_word' id='word_1_163' title='bbox 1746 1885 1921 1951; x_wconf 89' lang='lat' dir='ltr'>quos</span> <span class='ocrx_word' id='word_1_164' title='bbox 1970 1864 2491 1955; x_wconf 89' lang='lat' dir='ltr'>poenitentiales</span> <span class='ocrx_word' id='word_1_165' title='bbox 2539 1876 2807 1946; x_wconf 82' lang='lat' dir='ltr'>vocant,</span> <span class='ocrx_word' id='word_1_166' title='bbox 2861 1865 3042 1934; x_wconf 91' lang='lat' dir='ltr'>mul-</span> 
     </span>
     <span class='ocr_line' id='line_1_19' title="bbox 485 1888 3039 2043; baseline 0 -22"><span class='ocrx_word' id='word_1_167' title='bbox 485 1964 691 2039; x_wconf 88' lang='lat' dir='ltr'>taque</span> <span class='ocrx_word' id='word_1_168' title='bbox 739 1888 875 2021; x_wconf 54' lang='lat' dir='ltr'>agia</span> <span class='ocrx_word' id='word_1_169' title='bbox 908 1952 1097 2039; x_wconf 89' lang='lat' dir='ltr'>quoti</span> <span class='ocrx_word' id='word_1_170' title='bbox 1151 1952 1213 2020; x_wconf 89' lang='lat' dir='ltr'>ie</span> <span class='ocrx_word' id='word_1_171' title='bbox 1248 1952 1519 2043; x_wconf 76' lang='lat' dir='ltr'>legisse,</span> <span class='ocrx_word' id='word_1_172' title='bbox 1577 1951 1774 2041; x_wconf 90' lang='lat' dir='ltr'>prius</span> <span class='ocrx_word' id='word_1_173' title='bbox 1819 1975 2031 2039; x_wconf 70' lang='lat' dir='ltr'>quam</span> <span class='ocrx_word' id='word_1_174' title='bbox 2082 1975 2154 2021; x_wconf 93' lang='lat' dir='ltr'>se</span> <span class='ocrx_word' id='word_1_175' title='bbox 2187 1952 2273 2022; x_wconf 90' lang='lat' dir='ltr'>ad</span> <span class='ocrx_word' id='word_1_176' title='bbox 2321 1952 2810 2022; x_wconf 90' lang='lat' dir='ltr'>dormiendum</span> <span class='ocrx_word' id='word_1_177' title='bbox 2854 1974 3039 2021; x_wconf 73' lang='lat' dir='ltr'>rom-</span> 
     </span>
     <span class='ocr_line' id='line_1_20' title="bbox 481 2039 3039 2197; baseline 0 -88"><span class='ocrx_word' id='word_1_178' title='bbox 481 2051 786 2197; x_wconf 59' lang='lat' dir='ltr'>poneret,</span> <span class='ocrx_word' id='word_1_179' title='bbox 842 2041 1091 2109; x_wconf 91' lang='lat' dir='ltr'>diebus</span> <span class='ocrx_word' id='word_1_180' title='bbox 1139 2039 1438 2129; x_wconf 89' lang='lat' dir='ltr'>singulis</span> <span class='ocrx_word' id='word_1_181' title='bbox 1497 2040 1706 2110; x_wconf 90' lang='lat' dir='ltr'>horas</span> <span class='ocrx_word' id='word_1_182' title='bbox 1753 2052 2050 2126; x_wconf 90' lang='lat' dir='ltr'>quatuor</span> <span class='ocrx_word' id='word_1_183' title='bbox 2094 2041 2524 2110; x_wconf 89' lang='lat' dir='ltr'>continenter</span> <span class='ocrx_word' id='word_1_184' title='bbox 2594 2040 3039 2131; x_wconf 86' lang='lat' dir='ltr'>impendebat</span> 
     </span>
    </p>

    <p class='ocr_par' dir='ltr' id='par_1_5' title="bbox 445 2127 3039 4514">
     <span class='ocr_line' id='line_1_21' title="bbox 533 2127 3039 2218; baseline 0 -21"><span class='ocrx_word' id='word_1_185' title='bbox 533 2128 842 2198; x_wconf 91' lang='lat' dir='ltr'>ectendis</span> <span class='ocrx_word' id='word_1_186' title='bbox 890 2128 1187 2218; x_wconf 87' lang='lat' dir='ltr'>genibus</span> <span class='ocrx_word' id='word_1_187' title='bbox 1234 2141 1299 2197; x_wconf 89' lang='lat' dir='ltr'>et</span> <span class='ocrx_word' id='word_1_188' title='bbox 1339 2127 1694 2197; x_wconf 90' lang='lat' dir='ltr'>tundendo</span> <span class='ocrx_word' id='word_1_189' title='bbox 1751 2129 2029 2218; x_wconf 86' lang='lat' dir='ltr'>pectori,</span> <span class='ocrx_word' id='word_1_190' title='bbox 2088 2129 2464 2215; x_wconf 87' lang='lat' dir='ltr'>multisque</span> <span class='ocrx_word' id='word_1_191' title='bbox 2511 2127 2889 2199; x_wconf 87' lang='lat' dir='ltr'>fundendis</span> <span class='ocrx_word' id='word_1_192' title='bbox 2937 2129 3039 2198; x_wconf 90' lang='lat' dir='ltr'>la-</span> 
     </span>
     <span class='ocr_line' id='line_1_22' title="bbox 480 2216 3037 2304; baseline 0 -19"><span class='ocrx_word' id='word_1_193' title='bbox 480 2216 737 2304; x_wconf 80' lang='lat' dir='ltr'>crymis</span> <span class='ocrx_word' id='word_1_194' title='bbox 788 2217 857 2284; x_wconf 93' lang='lat' dir='ltr'>in</span> <span class='ocrx_word' id='word_1_195' title='bbox 895 2216 1288 2286; x_wconf 87' lang='lat' dir='ltr'>Dominicae</span> <span class='ocrx_word' id='word_1_196' title='bbox 1335 2217 1683 2286; x_wconf 87' lang='lat' dir='ltr'>Passionis</span> <span class='ocrx_word' id='word_1_197' title='bbox 1732 2217 2405 2296; x_wconf 84' lang='lat' dir='ltr'>commemoratione,</span> <span class='ocrx_word' id='word_1_198' title='bbox 2462 2217 2672 2299; x_wconf 85' lang='lat' dir='ltr'>veluti</span> <span class='ocrx_word' id='word_1_199' title='bbox 2721 2230 2930 2285; x_wconf 88' lang='lat' dir='ltr'>totam</span> <span class='ocrx_word' id='word_1_200' title='bbox 2966 2239 3037 2286; x_wconf 91' lang='lat' dir='ltr'>se</span> 
     </span>
     <span class='ocr_line' id='line_1_23' title="bbox 478 2304 3031 2375; baseline 0 -1"><span class='ocrx_word' id='word_1_201' title='bbox 478 2304 770 2374; x_wconf 92' lang='lat' dir='ltr'>Domino</span> <span class='ocrx_word' id='word_1_202' title='bbox 810 2305 880 2372; x_wconf 93' lang='lat' dir='ltr'>in</span> <span class='ocrx_word' id='word_1_203' title='bbox 933 2304 1413 2373; x_wconf 89' lang='lat' dir='ltr'>holocaustum</span> <span class='ocrx_word' id='word_1_204' title='bbox 1449 2305 1766 2375; x_wconf 85' lang='lat' dir='ltr'>offerens.</span> <span class='ocrx_word' id='word_1_205' title='bbox 1821 2304 2077 2373; x_wconf 89' lang='lat' dir='ltr'>Deinde</span> <span class='ocrx_word' id='word_1_206' title='bbox 2125 2318 2190 2373; x_wconf 92' lang='lat' dir='ltr'>et</span> <span class='ocrx_word' id='word_1_207' title='bbox 2242 2306 2598 2373; x_wconf 82' lang='lat' dir='ltr'>nocturnis</span> <span class='ocrx_word' id='word_1_208' title='bbox 2644 2316 2710 2373; x_wconf 92' lang='lat' dir='ltr'>et</span> <span class='ocrx_word' id='word_1_209' title='bbox 2756 2305 3031 2375; x_wconf 88' lang='lat' dir='ltr'>diurnis</span> 
     </span>
     <span class='ocr_line' id='line_1_24' title="bbox 475 2391 3034 2483; baseline 0 -22"><span class='ocrx_word' id='word_1_210' title='bbox 475 2391 658 2463; x_wconf 86' lang='lat' dir='ltr'>fessa</span> <span class='ocrx_word' id='word_1_211' title='bbox 691 2392 1071 2475; x_wconf 78' lang='lat' dir='ltr'>laboribuS,</span> <span class='ocrx_word' id='word_1_212' title='bbox 1118 2414 1363 2462; x_wconf 90' lang='lat' dir='ltr'>somno</span> <span class='ocrx_word' id='word_1_213' title='bbox 1406 2393 1717 2461; x_wconf 89' lang='lat' dir='ltr'>membra</span> <span class='ocrx_word' id='word_1_214' title='bbox 1765 2392 2044 2482; x_wconf 84' lang='lat' dir='ltr'>fatigata</span> <span class='ocrx_word' id='word_1_215' title='bbox 2094 2393 2429 2483; x_wconf 84' lang='lat' dir='ltr'>permisit,</span> <span class='ocrx_word' id='word_1_216' title='bbox 2469 2393 2587 2461; x_wconf 91' lang='lat' dir='ltr'>sed</span> <span class='ocrx_word' id='word_1_217' title='bbox 2651 2414 2785 2462; x_wconf 91' lang='lat' dir='ltr'>non</span> <span class='ocrx_word' id='word_1_218' title='bbox 2838 2392 3034 2462; x_wconf 87' lang='lat' dir='ltr'>valde</span> 
     </span>
     <span class='ocr_line' id='line_1_25' title="bbox 474 2480 3034 2573; baseline -0 -22"><span class='ocrx_word' id='word_1_219' title='bbox 474 2481 834 2551; x_wconf 79' lang='lat' dir='ltr'>diuturno,</span> <span class='ocrx_word' id='word_1_220' title='bbox 881 2486 1046 2550; x_wconf 90' lang='lat' dir='ltr'>Nam</span> <span class='ocrx_word' id='word_1_221' title='bbox 1101 2502 1374 2571; x_wconf 88' lang='lat' dir='ltr'>semper</span> <span class='ocrx_word' id='word_1_222' title='bbox 1420 2480 1800 2551; x_wconf 89' lang='lat' dir='ltr'>admodum</span> <span class='ocrx_word' id='word_1_223' title='bbox 1852 2504 2056 2552; x_wconf 91' lang='lat' dir='ltr'>mane</span> <span class='ocrx_word' id='word_1_224' title='bbox 2090 2504 2407 2571; x_wconf 81' lang='lat' dir='ltr'>surgenS,</span> <span class='ocrx_word' id='word_1_225' title='bbox 2463 2481 2732 2551; x_wconf 91' lang='lat' dir='ltr'>redibat</span> <span class='ocrx_word' id='word_1_226' title='bbox 2762 2480 2845 2551; x_wconf 89' lang='lat' dir='ltr'>ad</span> <span class='ocrx_word' id='word_1_227' title='bbox 2880 2503 3034 2573; x_wconf 91' lang='lat' dir='ltr'>pre-</span> 
     </span>
     <span class='ocr_line' id='line_1_26' title="bbox 470 2569 3030 2660; baseline 0 -22"><span class='ocrx_word' id='word_1_228' title='bbox 470 2591 608 2649; x_wconf 88' lang='lat' dir='ltr'>ces,</span> <span class='ocrx_word' id='word_1_229' title='bbox 665 2570 735 2639; x_wconf 90' lang='lat' dir='ltr'>in</span> <span class='ocrx_word' id='word_1_230' title='bbox 787 2569 1060 2639; x_wconf 88' lang='lat' dir='ltr'>silentio</span> <span class='ocrx_word' id='word_1_231' title='bbox 1099 2569 1585 2656; x_wconf 88' lang='lat' dir='ltr'>quotidianum</span> <span class='ocrx_word' id='word_1_232' title='bbox 1625 2574 1755 2638; x_wconf 90' lang='lat' dir='ltr'>Deo</span> <span class='ocrx_word' id='word_1_233' title='bbox 1783 2571 2204 2640; x_wconf 79' lang='lat' dir='ltr'>sacrificium</span> <span class='ocrx_word' id='word_1_234' title='bbox 2236 2570 2674 2660; x_wconf 80' lang='lat' dir='ltr'>impendenS,</span> <span class='ocrx_word' id='word_1_235' title='bbox 2715 2592 2842 2639; x_wconf 90' lang='lat' dir='ltr'>nec</span> <span class='ocrx_word' id='word_1_236' title='bbox 2873 2583 3030 2639; x_wconf 88' lang='lat' dir='ltr'>ante</span> 
     </span>
     <span class='ocr_line' id='line_1_27' title="bbox 470 2658 3027 2814; baseline 0 -88"><span class='ocrx_word' id='word_1_237' title='bbox 470 2658 829 2814; x_wconf 57' lang='lat' dir='ltr'>{lneridiem</span> <span class='ocrx_word' id='word_1_238' title='bbox 865 2712 885 2739; x_wconf 90' lang='lat'>,</span> <span class='ocrx_word' id='word_1_239' title='bbox 964 2658 1096 2727; x_wconf 89' lang='lat' dir='ltr'>nisi</span> <span class='ocrx_word' id='word_1_240' title='bbox 1167 2659 1443 2748; x_wconf 76' lang='lat' dir='ltr'>urgeret</span> <span class='ocrx_word' id='word_1_241' title='bbox 1509 2658 1879 2728; x_wconf 79' lang='lat' dir='ltr'>necessitas</span> <span class='ocrx_word' id='word_1_242' title='bbox 1916 2712 1932 2740; x_wconf 94' lang='lat'>,</span> <span class='ocrx_word' id='word_1_243' title='bbox 2002 2681 2043 2727; x_wconf 88' lang='lat' dir='ltr'>a</span> <span class='ocrx_word' id='word_1_244' title='bbox 2114 2659 2374 2729; x_wconf 88' lang='lat' dir='ltr'>sanctis</span> <span class='ocrx_word' id='word_1_245' title='bbox 2445 2658 3027 2748; x_wconf 85' lang='lat' dir='ltr'>occupationibus</span> 
     </span>
     <span class='ocr_line' id='line_1_28' title="bbox 521 2759 837 2817; baseline 0 -2"><span class='ocrx_word' id='word_1_246' title='bbox 521 2759 837 2817; x_wconf 76' lang='lat' dir='ltr'>esistens.</span> 
     </span>
     <span class='ocr_line' id='line_1_29' title="bbox 452 2832 3031 2921; baseline 0.001 -20"><span class='ocrx_word' id='word_1_247' title='bbox 452 2869 486 2901; x_wconf 67' lang='grc' dir='ltr'>υ</span> <span class='ocrx_word' id='word_1_248' title='bbox 557 2836 595 2920; x_wconf 66' lang='grc' dir='ltr'>ξ</span> <span class='ocrx_word' id='word_1_249' title='bbox 663 2839 807 2906; x_wconf 75' lang='lat'>15.</span> <span class='ocrx_word' id='word_1_250' title='bbox 862 2834 1093 2904; x_wconf 90' lang='lat' dir='ltr'>Oravit</span> <span class='ocrx_word' id='word_1_251' title='bbox 1150 2832 1454 2919; x_wconf 91' lang='lat' dir='ltr'>quodam</span> <span class='ocrx_word' id='word_1_252' title='bbox 1516 2843 1823 2921; x_wconf 90' lang='lat' dir='ltr'>tempore</span> <span class='ocrx_word' id='word_1_253' title='bbox 1874 2837 2130 2903; x_wconf 89' lang='lat' dir='ltr'>Romae</span> <span class='ocrx_word' id='word_1_254' title='bbox 2175 2846 2332 2904; x_wconf 90' lang='lat' dir='ltr'>ante</span> <span class='ocrx_word' id='word_1_255' title='bbox 2380 2856 2572 2903; x_wconf 90' lang='lat' dir='ltr'>aram</span> <span class='ocrx_word' id='word_1_256' title='bbox 2626 2839 2692 2904; x_wconf 92' lang='lat' dir='ltr'>S.</span> <span class='ocrx_word' id='word_1_257' title='bbox 2729 2833 3031 2905; x_wconf 82' lang='lat' dir='ltr'>Joannis</span> 
     </span>
     <span class='ocr_line' id='line_1_30' title="bbox 468 2920 3032 3013; baseline 0.001 -24"><span class='ocrx_word' id='word_1_258' title='bbox 468 2921 942 3012; x_wconf 89' lang='lat' dir='ltr'>Evangelistae</span> <span class='ocrx_word' id='word_1_259' title='bbox 990 2922 1060 2990; x_wconf 91' lang='lat' dir='ltr'>in</span> <span class='ocrx_word' id='word_1_260' title='bbox 1111 2920 1279 2991; x_wconf 88' lang='lat' dir='ltr'>aede</span> <span class='ocrx_word' id='word_1_261' title='bbox 1342 2920 1587 3010; x_wconf 87' lang='lat' dir='ltr'>majori</span> <span class='ocrx_word' id='word_1_262' title='bbox 1636 2927 1710 2990; x_wconf 91' lang='lat' dir='ltr'>D.</span> <span class='ocrx_word' id='word_1_263' title='bbox 1779 2922 1990 3004; x_wconf 91' lang='lat' dir='ltr'>Petri,</span> <span class='ocrx_word' id='word_1_264' title='bbox 2062 2921 2521 3013; x_wconf 89' lang='lat' dir='ltr'>apparuitque</span> <span class='ocrx_word' id='word_1_265' title='bbox 2581 2922 2685 2991; x_wconf 89' lang='lat' dir='ltr'>illi</span> <span class='ocrx_word' id='word_1_266' title='bbox 2733 2923 3032 2992; x_wconf 88' lang='lat' dir='ltr'>foemina</span> 
     </span>
     <span class='ocr_line' id='line_1_31' title="bbox 471 3008 3027 3100; baseline 0 -22"><span class='ocrx_word' id='word_1_267' title='bbox 471 3010 862 3100; x_wconf 88' lang='lat' dir='ltr'>peregrina,</span> <span class='ocrx_word' id='word_1_268' title='bbox 902 3008 1060 3078; x_wconf 88' lang='lat' dir='ltr'>alba</span> <span class='ocrx_word' id='word_1_269' title='bbox 1107 3009 1354 3078; x_wconf 90' lang='lat' dir='ltr'>induta</span> <span class='ocrx_word' id='word_1_270' title='bbox 1399 3021 1603 3089; x_wconf 85' lang='lat' dir='ltr'>veste,</span> <span class='ocrx_word' id='word_1_271' title='bbox 1648 3010 2041 3099; x_wconf 87' lang='lat' dir='ltr'>praecincta</span> <span class='ocrx_word' id='word_1_272' title='bbox 2086 3011 2333 3093; x_wconf 88' lang='lat' dir='ltr'>balteo,</span> <span class='ocrx_word' id='word_1_273' title='bbox 2387 3011 2625 3080; x_wconf 90' lang='lat' dir='ltr'>album</span> <span class='ocrx_word' id='word_1_274' title='bbox 2680 3011 2906 3081; x_wconf 87' lang='lat' dir='ltr'>ferens</span> <span class='ocrx_word' id='word_1_275' title='bbox 2954 3010 3027 3079; x_wconf 90' lang='lat' dir='ltr'>in</span> 
     </span>
     <span class='ocr_line' id='line_1_32' title="bbox 463 3096 3019 3188; baseline 0 -22"><span class='ocrx_word' id='word_1_276' title='bbox 463 3097 688 3186; x_wconf 90' lang='lat' dir='ltr'>capite</span> <span class='ocrx_word' id='word_1_277' title='bbox 734 3098 1069 3177; x_wconf 75' lang='lat' dir='ltr'>velamen,</span> <span class='ocrx_word' id='word_1_278' title='bbox 1113 3109 1179 3166; x_wconf 92' lang='lat' dir='ltr'>et</span> <span class='ocrx_word' id='word_1_279' title='bbox 1225 3096 1437 3187; x_wconf 87' lang='lat' dir='ltr'>pallio</span> <span class='ocrx_word' id='word_1_280' title='bbox 1485 3108 1632 3167; x_wconf 90' lang='lat' dir='ltr'>atro</span> <span class='ocrx_word' id='word_1_281' title='bbox 1665 3109 1924 3188; x_wconf 90' lang='lat' dir='ltr'>operta.</span> <span class='ocrx_word' id='word_1_282' title='bbox 1964 3100 2261 3170; x_wconf 79' lang='lat' dir='ltr'>Accessit</span> <span class='ocrx_word' id='word_1_283' title='bbox 2308 3113 2540 3169; x_wconf 88' lang='lat' dir='ltr'>autem</span> <span class='ocrx_word' id='word_1_284' title='bbox 2592 3100 2903 3169; x_wconf 88' lang='lat' dir='ltr'>celeriter</span> <span class='ocrx_word' id='word_1_285' title='bbox 2932 3096 3019 3167; x_wconf 92' lang='lat' dir='ltr'>ad</span> 
     </span>
     <span class='ocr_line' id='line_1_33' title="bbox 462 3183 3025 3277; baseline 0.001 -25"><span class='ocrx_word' id='word_1_286' title='bbox 462 3184 684 3266; x_wconf 88' lang='lat' dir='ltr'>illam,</span> <span class='ocrx_word' id='word_1_287' title='bbox 729 3183 1180 3272; x_wconf 88' lang='lat' dir='ltr'>salutansque</span> <span class='ocrx_word' id='word_1_288' title='bbox 1209 3208 1362 3255; x_wconf 88' lang='lat' dir='ltr'>eam</span> <span class='ocrx_word' id='word_1_289' title='bbox 1414 3185 1850 3267; x_wconf 90' lang='lat' dir='ltr'>nominatim,</span> <span class='ocrx_word' id='word_1_290' title='bbox 1895 3187 2188 3277; x_wconf 84' lang='lat' dir='ltr'>supplex</span> <span class='ocrx_word' id='word_1_291' title='bbox 2220 3187 2504 3277; x_wconf 88' lang='lat' dir='ltr'>rogavit,</span> <span class='ocrx_word' id='word_1_292' title='bbox 2544 3199 2621 3257; x_wconf 91' lang='lat' dir='ltr'>ut</span> <span class='ocrx_word' id='word_1_293' title='bbox 2649 3199 2873 3258; x_wconf 89' lang='lat' dir='ltr'>oraret</span> <span class='ocrx_word' id='word_1_294' title='bbox 2902 3207 3025 3276; x_wconf 92' lang='lat' dir='ltr'>pro</span> 
     </span>
     <span class='ocr_line' id='line_1_34' title="bbox 461 3273 3024 3365; baseline 0.001 -24"><span class='ocrx_word' id='word_1_295' title='bbox 461 3273 698 3342; x_wconf 89' lang='lat' dir='ltr'>anima</span> <span class='ocrx_word' id='word_1_296' title='bbox 746 3273 1051 3343; x_wconf 88' lang='lat' dir='ltr'>Noricae.</span> <span class='ocrx_word' id='word_1_297' title='bbox 1099 3274 1502 3343; x_wconf 87' lang='lat' dir='ltr'>Sciscitante</span> <span class='ocrx_word' id='word_1_298' title='bbox 1550 3287 1780 3344; x_wconf 89' lang='lat' dir='ltr'>autem</span> <span class='ocrx_word' id='word_1_299' title='bbox 1833 3275 2200 3344; x_wconf 88' lang='lat' dir='ltr'>Catharina</span> <span class='ocrx_word' id='word_1_300' title='bbox 2236 3276 2431 3365; x_wconf 88' lang='lat' dir='ltr'>cujas</span> <span class='ocrx_word' id='word_1_301' title='bbox 2479 3287 2681 3350; x_wconf 84' lang='lat' dir='ltr'>esset.</span> <span class='ocrx_word' id='word_1_302' title='bbox 2715 3297 3024 3365; x_wconf 68' lang='lat' dir='ltr'>,respon-</span> 
     </span>
     <span class='ocr_line' id='line_1_35' title="bbox 461 3360 3024 3454; baseline 0.001 -25"><span class='ocrx_word' id='word_1_303' title='bbox 461 3360 564 3430; x_wconf 92' lang='lat' dir='ltr'>dit</span> <span class='ocrx_word' id='word_1_304' title='bbox 611 3383 683 3430; x_wconf 88' lang='lat' dir='ltr'>se</span> <span class='ocrx_word' id='word_1_305' title='bbox 725 3361 1023 3431; x_wconf 88' lang='lat' dir='ltr'>Suedarn</span> <span class='ocrx_word' id='word_1_306' title='bbox 1072 3377 1244 3443; x_wconf 84' lang='lat' dir='ltr'>esse,</span> <span class='ocrx_word' id='word_1_307' title='bbox 1290 3383 1716 3448; x_wconf 80' lang='lat' dir='ltr'>uxoremque</span> <span class='ocrx_word' id='word_1_308' title='bbox 1772 3362 2006 3432; x_wconf 88' lang='lat' dir='ltr'>fratris</span> <span class='ocrx_word' id='word_1_309' title='bbox 2054 3363 2205 3454; x_wconf 87' lang='lat' dir='ltr'>ejus</span> <span class='ocrx_word' id='word_1_310' title='bbox 2256 3363 2477 3433; x_wconf 90' lang='lat' dir='ltr'>Caroli</span> <span class='ocrx_word' id='word_1_311' title='bbox 2516 3363 2795 3434; x_wconf 90' lang='lat' dir='ltr'>obiisse.</span> <span class='ocrx_word' id='word_1_312' title='bbox 2849 3370 3024 3431; x_wconf 91' lang='lat' dir='ltr'>Tum</span> 
     </span>
     <span class='ocr_line' id='line_1_36' title="bbox 458 3448 3021 3540; baseline 0.001 -23"><span class='ocrx_word' id='word_1_313' title='bbox 458 3448 582 3519; x_wconf 90' lang='lat' dir='ltr'>illa</span> <span class='ocrx_word' id='word_1_314' title='bbox 630 3450 916 3540; x_wconf 89' lang='lat' dir='ltr'>rogavit,</span> <span class='ocrx_word' id='word_1_315' title='bbox 955 3460 1032 3519; x_wconf 92' lang='lat' dir='ltr'>ut</span> <span class='ocrx_word' id='word_1_316' title='bbox 1081 3451 1338 3520; x_wconf 89' lang='lat' dir='ltr'>veniret</span> <span class='ocrx_word' id='word_1_317' title='bbox 1385 3449 1471 3519; x_wconf 90' lang='lat' dir='ltr'>ad</span> <span class='ocrx_word' id='word_1_318' title='bbox 1522 3451 1725 3519; x_wconf 91' lang='lat' dir='ltr'>aedes</span> <span class='ocrx_word' id='word_1_319' title='bbox 1760 3451 2002 3520; x_wconf 87' lang='lat' dir='ltr'>matris</span> <span class='ocrx_word' id='word_1_320' title='bbox 2050 3473 2239 3521; x_wconf 89' lang='lat' dir='ltr'>suae.</span> <span class='ocrx_word' id='word_1_321' title='bbox 2276 3451 2404 3521; x_wconf 93' lang='lat' dir='ltr'>Illa</span> <span class='ocrx_word' id='word_1_322' title='bbox 2453 3473 2611 3522; x_wconf 89' lang='lat' dir='ltr'>vero</span> <span class='ocrx_word' id='word_1_323' title='bbox 2659 3453 2755 3522; x_wconf 88' lang='lat' dir='ltr'>ait</span> <span class='ocrx_word' id='word_1_324' title='bbox 2785 3452 2851 3520; x_wconf 92' lang='lat' dir='ltr'>id</span> <span class='ocrx_word' id='word_1_325' title='bbox 2886 3450 3021 3521; x_wconf 93' lang='lat' dir='ltr'>sibi</span> 
     </span>
     <span class='ocr_line' id='line_1_37' title="bbox 457 3537 3020 3629; baseline 0.001 -24"><span class='ocrx_word' id='word_1_326' title='bbox 457 3558 598 3606; x_wconf 89' lang='lat' dir='ltr'>non</span> <span class='ocrx_word' id='word_1_327' title='bbox 649 3537 887 3608; x_wconf 87' lang='lat' dir='ltr'>licere:</span> <span class='ocrx_word' id='word_1_328' title='bbox 944 3560 1147 3629; x_wconf 92' lang='lat' dir='ltr'>porro</span> <span class='ocrx_word' id='word_1_329' title='bbox 1195 3538 1386 3609; x_wconf 90' lang='lat' dir='ltr'>brevi</span> <span class='ocrx_word' id='word_1_330' title='bbox 1434 3539 1623 3628; x_wconf 87' lang='lat' dir='ltr'>ipsas</span> <span class='ocrx_word' id='word_1_331' title='bbox 1691 3539 2050 3610; x_wconf 89' lang='lat' dir='ltr'>habituras</span> <span class='ocrx_word' id='word_1_332' title='bbox 2120 3561 2259 3609; x_wconf 91' lang='lat' dir='ltr'>non</span> <span class='ocrx_word' id='word_1_333' title='bbox 2320 3561 2568 3628; x_wconf 87' lang='lat' dir='ltr'>parum</span> <span class='ocrx_word' id='word_1_334' title='bbox 2639 3539 2936 3612; x_wconf 90' lang='lat' dir='ltr'>subsidii</span> <span class='ocrx_word' id='word_1_335' title='bbox 2982 3560 3020 3608; x_wconf 92' lang='lat' dir='ltr'>e</span> 
     </span>
     <span class='ocr_line' id='line_1_38' title="bbox 457 3625 3012 3727; baseline 0 -33"><span class='ocrx_word' id='word_1_336' title='bbox 457 3627 704 3727; x_wconf 90' lang='lat' dir='ltr'>patria,</span> <span class='ocrx_word' id='word_1_337' title='bbox 771 3649 931 3696; x_wconf 92' lang='lat' dir='ltr'>nam</span> <span class='ocrx_word' id='word_1_338' title='bbox 983 3627 1298 3697; x_wconf 87' lang='lat' dir='ltr'>Noricam</span> <span class='ocrx_word' id='word_1_339' title='bbox 1351 3625 1615 3717; x_wconf 87' lang='lat' dir='ltr'>legasse</span> <span class='ocrx_word' id='word_1_340' title='bbox 1677 3627 1778 3698; x_wconf 89' lang='lat' dir='ltr'>eis</span> <span class='ocrx_word' id='word_1_341' title='bbox 1826 3649 2110 3696; x_wconf 88' lang='lat' dir='ltr'>auream</span> <span class='ocrx_word' id='word_1_342' title='bbox 2174 3629 2421 3717; x_wconf 90' lang='lat' dir='ltr'>capitis</span> <span class='ocrx_word' id='word_1_343' title='bbox 2486 3627 2597 3698; x_wconf 89' lang='lat' dir='ltr'>sui</span> <span class='ocrx_word' id='word_1_344' title='bbox 2662 3649 3012 3709; x_wconf 90' lang='lat' dir='ltr'>coronam,</span> 
     </span>
     <span class='ocr_line' id='line_1_39' title="bbox 452 3715 3020 3807; baseline 0.001 -25"><span class='ocrx_word' id='word_1_345' title='bbox 452 3725 848 3802; x_wconf 80' lang='lat' dir='ltr'>lterumque</span> <span class='ocrx_word' id='word_1_346' title='bbox 896 3718 1291 3805; x_wconf 89' lang='lat' dir='ltr'>repetebat,</span> <span class='ocrx_word' id='word_1_347' title='bbox 1351 3727 1432 3785; x_wconf 90' lang='lat' dir='ltr'>ut</span> <span class='ocrx_word' id='word_1_348' title='bbox 1489 3715 1785 3785; x_wconf 87' lang='lat' dir='ltr'>fideliter</span> <span class='ocrx_word' id='word_1_349' title='bbox 1849 3728 2297 3806; x_wconf 86' lang='lat' dir='ltr'>precarentur</span> <span class='ocrx_word' id='word_1_350' title='bbox 2359 3738 2482 3807; x_wconf 91' lang='lat' dir='ltr'>pro</span> <span class='ocrx_word' id='word_1_351' title='bbox 2544 3717 2781 3786; x_wconf 88' lang='lat' dir='ltr'>anima</span> <span class='ocrx_word' id='word_1_352' title='bbox 2828 3716 3020 3785; x_wconf 90' lang='lat' dir='ltr'>illius</span> 
     </span>
     <span class='ocr_line' id='line_1_40' title="bbox 451 3803 3012 3895; baseline 0.001 -23"><span class='ocrx_word' id='word_1_353' title='bbox 451 3803 692 3889; x_wconf 90' lang='lat' dir='ltr'>sicque</span> <span class='ocrx_word' id='word_1_354' title='bbox 739 3804 848 3874; x_wconf 91' lang='lat' dir='ltr'>dis</span> <span class='ocrx_word' id='word_1_355' title='bbox 902 3805 1107 3874; x_wconf 90' lang='lat' dir='ltr'>aruit.</span> <span class='ocrx_word' id='word_1_356' title='bbox 1175 3803 1540 3873; x_wconf 76' lang='lat' dir='ltr'>Admirans</span> <span class='ocrx_word' id='word_1_357' title='bbox 1599 3814 1832 3873; x_wconf 91' lang='lat' dir='ltr'>autem</span> <span class='ocrx_word' id='word_1_358' title='bbox 1892 3804 2296 3887; x_wconf 89' lang='lat' dir='ltr'>Catharina,</span> <span class='ocrx_word' id='word_1_359' title='bbox 2363 3804 2650 3895; x_wconf 88' lang='lat' dir='ltr'>rogabat</span> <span class='ocrx_word' id='word_1_360' title='bbox 2697 3804 3012 3885; x_wconf 82' lang='lat' dir='ltr'>ancillaS‚</span> 
     </span>
     <span class='ocr_line' id='line_1_41' title="bbox 499 3827 2859 3982; baseline 0 -21"><span class='ocrx_word' id='word_1_361' title='bbox 499 3913 757 3962; x_wconf 89' lang='lat' dir='ltr'>uonam</span> <span class='ocrx_word' id='word_1_362' title='bbox 809 3827 1094 3961; x_wconf 62' lang='lat' dir='ltr'>abiisset</span> <span class='ocrx_word' id='word_1_363' title='bbox 1141 3903 1458 3961; x_wconf 89' lang='lat' dir='ltr'>matrona</span> <span class='ocrx_word' id='word_1_364' title='bbox 1502 3890 1647 3962; x_wconf 90' lang='lat' dir='ltr'>illa.</span> <span class='ocrx_word' id='word_1_365' title='bbox 1688 3892 2218 3982; x_wconf 85' lang='lat' dir='ltr'>Responderunt</span> <span class='ocrx_word' id='word_1_366' title='bbox 2251 3893 2432 3974; x_wconf 90' lang='lat' dir='ltr'>illae,</span> <span class='ocrx_word' id='word_1_367' title='bbox 2473 3915 2546 3962; x_wconf 92' lang='lat' dir='ltr'>se</span> <span class='ocrx_word' id='word_1_368' title='bbox 2577 3893 2859 3979; x_wconf 90' lang='lat' dir='ltr'>quidem</span> 
     </span>
     <span class='ocr_line' id='line_1_42' title="bbox 504 3980 3022 4081; baseline 0 -33"><span class='ocrx_word' id='word_1_369' title='bbox 504 3980 709 4050; x_wconf 88' lang='lat' dir='ltr'>ivisse</span> <span class='ocrx_word' id='word_1_370' title='bbox 744 4003 976 4050; x_wconf 87' lang='lat' dir='ltr'>vocem</span> <span class='ocrx_word' id='word_1_371' title='bbox 1029 4002 1191 4051; x_wconf 90' lang='lat' dir='ltr'>cum</span> <span class='ocrx_word' id='word_1_372' title='bbox 1241 3981 1393 4081; x_wconf 89' lang='lat' dir='ltr'>ipsa</span> <span class='ocrx_word' id='word_1_373' title='bbox 1427 3980 1798 4067; x_wconf 80' lang='lat' dir='ltr'>loquentiS,</span> <span class='ocrx_word' id='word_1_374' title='bbox 1854 3980 1967 4051; x_wconf 88' lang='lat' dir='ltr'>sed</span> <span class='ocrx_word' id='word_1_375' title='bbox 2005 3981 2356 4050; x_wconf 92' lang='lat' dir='ltr'>neminem</span> <span class='ocrx_word' id='word_1_376' title='bbox 2400 3981 2678 4050; x_wconf 89' lang='lat' dir='ltr'>vidisse.</span> <span class='ocrx_word' id='word_1_377' title='bbox 2719 3985 2840 4050; x_wconf 90' lang='lat' dir='ltr'>Stu</span> <span class='ocrx_word' id='word_1_378' title='bbox 3021 4033 3022 4036; x_wconf 63' lang='lat'>,</span> 
     </span>
     <span class='ocr_line' id='line_1_43' title="bbox 448 4067 3022 4224; baseline 0 -87"><span class='ocrx_word' id='word_1_379' title='bbox 448 4067 668 4158; x_wconf 89' lang='lat' dir='ltr'>igitur</span> <span class='ocrx_word' id='word_1_380' title='bbox 698 4068 1033 4137; x_wconf 87' lang='lat' dir='ltr'>indicavit</span> <span class='ocrx_word' id='word_1_381' title='bbox 1080 4080 1285 4137; x_wconf 78' lang='lat' dir='ltr'>matri</span> <span class='ocrx_word' id='word_1_382' title='bbox 1335 4090 1524 4151; x_wconf 89' lang='lat' dir='ltr'>suae,</span> <span class='ocrx_word' id='word_1_383' title='bbox 1578 4068 1696 4139; x_wconf 91' lang='lat' dir='ltr'>cui</span> <span class='ocrx_word' id='word_1_384' title='bbox 1743 4069 1969 4138; x_wconf 88' lang='lat' dir='ltr'>oranti</span> <span class='ocrx_word' id='word_1_385' title='bbox 2017 4069 2394 4139; x_wconf 83' lang='lat' dir='ltr'>revelatum</span> <span class='ocrx_word' id='word_1_386' title='bbox 2443 4068 2573 4138; x_wconf 90' lang='lat' dir='ltr'>fuit</span> <span class='ocrx_word' id='word_1_387' title='bbox 2608 4068 2945 4224; x_wconf 59' lang='lat' dir='ltr'>migrasse</span> <span class='ocrx_word' id='word_1_388' title='bbox 2980 4088 3022 4137; x_wconf 90' lang='lat' dir='ltr'>e</span> 
     </span>
     <span class='ocr_line' id='line_1_44' title="bbox 447 4155 3019 4247; baseline -0.001 -22"><span class='ocrx_word' id='word_1_389' title='bbox 447 4177 736 4247; x_wconf 91' lang='lat' dir='ltr'>corpore</span> <span class='ocrx_word' id='word_1_390' title='bbox 796 4157 1091 4227; x_wconf 88' lang='lat' dir='ltr'>Gidham</span> <span class='ocrx_word' id='word_1_391' title='bbox 1142 4178 1427 4227; x_wconf 83' lang='lat' dir='ltr'>uxorem</span> <span class='ocrx_word' id='word_1_392' title='bbox 1486 4157 1731 4237; x_wconf 87' lang='lat' dir='ltr'>Caroli,</span> <span class='ocrx_word' id='word_1_393' title='bbox 1788 4157 2076 4247; x_wconf 86' lang='lat' dir='ltr'>ejusque</span> <span class='ocrx_word' id='word_1_394' title='bbox 2125 4159 2431 4227; x_wconf 88' lang='lat' dir='ltr'>animam</span> <span class='ocrx_word' id='word_1_395' title='bbox 2484 4169 2681 4247; x_wconf 87' lang='lat' dir='ltr'>peten</span> <span class='ocrx_word' id='word_1_396' title='bbox 2737 4178 2815 4226; x_wconf 88' lang='lat' dir='ltr'>ae</span> <span class='ocrx_word' id='word_1_397' title='bbox 2863 4155 3019 4245; x_wconf 89' lang='lat' dir='ltr'>opis</span> 
     </span>
     <span class='ocr_line' id='line_1_45' title="bbox 445 4244 3016 4335; baseline -0.002 -20"><span class='ocrx_word' id='word_1_398' title='bbox 445 4248 683 4326; x_wconf 71' lang='lat' dir='ltr'>causa,</span> <span class='ocrx_word' id='word_1_399' title='bbox 724 4245 907 4315; x_wconf 83' lang='lat' dir='ltr'>filiae</span> <span class='ocrx_word' id='word_1_400' title='bbox 957 4245 1390 4335; x_wconf 84' lang='lat' dir='ltr'>apparuisse.</span> <span class='ocrx_word' id='word_1_401' title='bbox 1444 4250 1588 4315; x_wconf 89' lang='lat' dir='ltr'>Non</span> <span class='ocrx_word' id='word_1_402' title='bbox 1626 4245 1845 4314; x_wconf 90' lang='lat' dir='ltr'>multo</span> <span class='ocrx_word' id='word_1_403' title='bbox 1896 4257 2048 4335; x_wconf 89' lang='lat' dir='ltr'>post</span> <span class='ocrx_word' id='word_1_404' title='bbox 2096 4247 2279 4316; x_wconf 91' lang='lat' dir='ltr'>venit</span> <span class='ocrx_word' id='word_1_405' title='bbox 2311 4269 2348 4315; x_wconf 90' lang='lat' dir='ltr'>e</span> <span class='ocrx_word' id='word_1_406' title='bbox 2399 4244 2651 4315; x_wconf 88' lang='lat' dir='ltr'>Suedia</span> <span class='ocrx_word' id='word_1_407' title='bbox 2699 4244 3016 4334; x_wconf 88' lang='lat' dir='ltr'>Ingeval-</span> 
     </span>
     <span class='ocr_line' id='line_1_46' title="bbox 448 4330 3015 4420; baseline -0.002 -17"><span class='ocrx_word' id='word_1_408' title='bbox 448 4334 583 4403; x_wconf 90' lang='lat' dir='ltr'>dus</span> <span class='ocrx_word' id='word_1_409' title='bbox 643 4333 1127 4415; x_wconf 82' lang='lat' dir='ltr'>Amundsson,</span> <span class='ocrx_word' id='word_1_410' title='bbox 1192 4333 1557 4403; x_wconf 89' lang='lat' dir='ltr'>familiaris</span> <span class='ocrx_word' id='word_1_411' title='bbox 1605 4332 2052 4403; x_wconf 75' lang='lat' dir='ltr'>catharinae:</span> <span class='ocrx_word' id='word_1_412' title='bbox 2106 4334 2228 4420; x_wconf 91' lang='lat' dir='ltr'>qui</span> <span class='ocrx_word' id='word_1_413' title='bbox 2277 4335 2340 4402; x_wconf 92' lang='lat' dir='ltr'>ei</span> <span class='ocrx_word' id='word_1_414' title='bbox 2389 4345 2454 4402; x_wconf 91' lang='lat' dir='ltr'>et</span> <span class='ocrx_word' id='word_1_415' title='bbox 2514 4333 2778 4403; x_wconf 90' lang='lat' dir='ltr'>obitum</span> <span class='ocrx_word' id='word_1_416' title='bbox 2829 4330 3015 4399; x_wconf 91' lang='lat' dir='ltr'>indi-</span> 
     </span>
     <span class='ocr_line' id='line_1_47' title="bbox 449 4419 3016 4514; baseline -0.002 -21"><span class='ocrx_word' id='word_1_417' title='bbox 449 4423 629 4493; x_wconf 89' lang='lat' dir='ltr'>cavit</span> <span class='ocrx_word' id='word_1_418' title='bbox 677 4423 959 4505; x_wconf 89' lang='lat' dir='ltr'>Gidhae,</span> <span class='ocrx_word' id='word_1_419' title='bbox 999 4433 1065 4492; x_wconf 90' lang='lat' dir='ltr'>et</span> <span class='ocrx_word' id='word_1_420' title='bbox 1100 4444 1426 4492; x_wconf 90' lang='lat' dir='ltr'>coronam</span> <span class='ocrx_word' id='word_1_421' title='bbox 1477 4422 1708 4492; x_wconf 87' lang='lat' dir='ltr'>attulit</span> <span class='ocrx_word' id='word_1_422' title='bbox 1754 4443 2061 4504; x_wconf 89' lang='lat' dir='ltr'>auream,</span> <span class='ocrx_word' id='word_1_423' title='bbox 2117 4444 2328 4508; x_wconf 89' lang='lat' dir='ltr'>quam</span> <span class='ocrx_word' id='word_1_424' title='bbox 2380 4443 2504 4514; x_wconf 90' lang='lat' dir='ltr'>pro</span> <span class='ocrx_word' id='word_1_425' title='bbox 2535 4442 2722 4491; x_wconf 89' lang='lat' dir='ltr'>more</span> <span class='ocrx_word' id='word_1_426' title='bbox 2753 4419 3016 4510; x_wconf 87' lang='lat' dir='ltr'>patriae</span> 
     </span>
    </p>
   </div>
  </div>
 </body>
</html>
