<?xml version="1.0" encoding="UTF-8"?>
<!DOCTYPE html PUBLIC "-//W3C//DTD XHTML 1.0 Transitional//EN"
    "http://www.w3.org/TR/xhtml1/DTD/xhtml1-transitional.dtd">
<html xmlns="http://www.w3.org/1999/xhtml" xml:lang="en" lang="en">
 <head>
  <title>
</title>
<meta http-equiv="Content-Type" content="text/html;charset=utf-8" />
  <meta name='ocr-system' content='tesseract 3.04.00' />
  <meta name='ocr-capabilities' content='ocr_page ocr_carea ocr_par ocr_line ocrx_word'/>
</head>
<body>
  <div class='ocr_page' id='page_1' title='image "./historiaeseuvit04lippgoog_0053.png"; bbox 0 0 3327 4999; ppageno 0'>
   <div class='ocr_carea' id='block_1_1' title="bbox 128 341 2584 412">
    <p class='ocr_par' dir='ltr' id='par_1_1' title="bbox 128 341 2584 412">
     <span class='ocr_line' id='line_1_1' title="bbox 128 341 2584 412; baseline 0.002 -6"><span class='ocrx_word' id='word_1_1' title='bbox 128 341 348 407; x_wconf 71' lang='lat' dir='ltr'><strong>MART.</strong></span> <span class='ocrx_word' id='word_1_2' title='bbox 403 344 445 407; x_wconf 87' lang='lat'>6</span> <span class='ocrx_word' id='word_1_3' title='bbox 1037 363 1115 408; x_wconf 75' lang='lat' dir='ltr'><strong>nn</strong></span> <span class='ocrx_word' id='word_1_4' title='bbox 1163 363 1220 409; x_wconf 93' lang='lat' dir='ltr'><strong>s.</strong></span> <span class='ocrx_word' id='word_1_5' title='bbox 1273 362 1509 410; x_wconf 61' lang='lat' dir='ltr'><strong>cotnra</strong></span> <span class='ocrx_word' id='word_1_6' title='bbox 1557 363 1732 411; x_wconf 69' lang='lat' dir='ltr'><strong>vnto.</strong></span> <span class='ocrx_word' id='word_1_7' title='bbox 2498 347 2584 412; x_wconf 79' lang='lat'><strong>43</strong></span> 
     </span>
    </p>
   </div>
   <div class='ocr_carea' id='block_1_2' title="bbox 96 443 2679 4509">
    <p class='ocr_par' dir='ltr' id='par_1_2' title="bbox 96 443 2679 1953">
     <span class='ocr_line' id='line_1_2' title="bbox 133 443 2679 548; baseline 0.003 -37"><span class='ocrx_word' id='word_1_8' title='bbox 133 443 659 514; x_wconf 73' lang='lat' dir='ltr'>benevolentiam</span> <span class='ocrx_word' id='word_1_9' title='bbox 695 444 923 515; x_wconf 85' lang='lat' dir='ltr'><strong>Coleta</strong></span> <span class='ocrx_word' id='word_1_10' title='bbox 954 446 1423 545; x_wconf 84' lang='lat' dir='ltr'><strong>gratissimam</strong></span> <span class='ocrx_word' id='word_1_11' title='bbox 1462 446 1729 517; x_wconf 88' lang='lat' dir='ltr'><strong>habuit.</strong></span> <span class='ocrx_word' id='word_1_12' title='bbox 1776 446 1977 517; x_wconf 83' lang='lat' dir='ltr'><strong>Duxit</strong></span> <span class='ocrx_word' id='word_1_13' title='bbox 2007 470 2170 548; x_wconf 90' lang='lat' dir='ltr'><strong>ergo</strong></span> <span class='ocrx_word' id='word_1_14' title='bbox 2195 469 2348 517; x_wconf 90' lang='lat' dir='ltr'><strong>eam</strong></span> <span class='ocrx_word' id='word_1_15' title='bbox 2379 447 2466 517; x_wconf 92' lang='lat' dir='ltr'><strong>ad</strong></span> <span class='ocrx_word' id='word_1_16' title='bbox 2501 455 2679 520; x_wconf 88' lang='lat' dir='ltr'><strong>Pon-</strong></span> 
     </span>
     <span class='ocr_line' id='line_1_3' title="bbox 127 532 2675 620; baseline 0.003 -20"><span class='ocrx_word' id='word_1_17' title='bbox 127 532 353 603; x_wconf 81' lang='lat' dir='ltr'><strong>tificem</strong></span> <span class='ocrx_word' id='word_1_18' title='bbox 396 554 540 602; x_wconf 89' lang='lat' dir='ltr'><strong>non</strong></span> <span class='ocrx_word' id='word_1_19' title='bbox 594 532 745 603; x_wconf 88' lang='lat' dir='ltr'><strong>sine</strong></span> <span class='ocrx_word' id='word_1_20' title='bbox 797 533 1036 603; x_wconf 83' lang='lat' dir='ltr'><strong>multls</strong></span> <span class='ocrx_word' id='word_1_21' title='bbox 1083 535 1376 605; x_wconf 79' lang='lat' dir='ltr'>eximiae</span> <span class='ocrx_word' id='word_1_22' title='bbox 1424 535 1879 607; x_wconf 87' lang='lat' dir='ltr'><strong>humanitatis</strong></span> <span class='ocrx_word' id='word_1_23' title='bbox 1926 535 2201 608; x_wconf 75' lang='lat' dir='ltr'><strong>officiis.</strong></span> <span class='ocrx_word' id='word_1_24' title='bbox 2258 536 2389 620; x_wconf 89' lang='lat' dir='ltr'><strong>Qui</strong></span> <span class='ocrx_word' id='word_1_25' title='bbox 2437 548 2675 608; x_wconf 87' lang='lat' dir='ltr'><strong>autem</strong></span> 
     </span>
     <span class='ocr_line' id='line_1_4' title="bbox 122 620 2673 716; baseline 0.003 -29"><span class='ocrx_word' id='word_1_26' title='bbox 122 643 187 688; x_wconf 84' lang='lat' dir='ltr'><strong>ex</strong></span> <span class='ocrx_word' id='word_1_27' title='bbox 229 620 492 691; x_wconf 88' lang='lat' dir='ltr'><strong>familia</strong></span> <span class='ocrx_word' id='word_1_28' title='bbox 533 621 727 691; x_wconf 91' lang='lat' dir='ltr'><strong>illius</strong></span> <span class='ocrx_word' id='word_1_29' title='bbox 766 623 1051 692; x_wconf 80' lang='lat' dir='ltr'>comites</span> <span class='ocrx_word' id='word_1_30' title='bbox 1099 646 1171 693; x_wconf 90' lang='lat' dir='ltr'><strong>se</strong></span> <span class='ocrx_word' id='word_1_31' title='bbox 1218 624 1444 693; x_wconf 91' lang='lat' dir='ltr'><strong>itineri</strong></span> <span class='ocrx_word' id='word_1_32' title='bbox 1496 624 1980 716; x_wconf 85' lang='lat' dir='ltr'><strong>adjunxerant,</strong></span> <span class='ocrx_word' id='word_1_33' title='bbox 2036 624 2339 695; x_wconf 90' lang='lat' dir='ltr'><strong>multum</strong></span> <span class='ocrx_word' id='word_1_34' title='bbox 2374 624 2673 695; x_wconf 84' lang='lat' dir='ltr'><strong>delecta-</strong></span> 
     </span>
     <span class='ocr_line' id='line_1_5' title="bbox 120 708 2672 803; baseline 0.003 -26"><span class='ocrx_word' id='word_1_35' title='bbox 120 708 349 779; x_wconf 84' lang='lat' dir='ltr'><strong>bantur</strong></span> <span class='ocrx_word' id='word_1_36' title='bbox 387 711 789 800; x_wconf 77' lang='lat' dir='ltr'><strong>praesentia</strong></span> <span class='ocrx_word' id='word_1_37' title='bbox 838 710 1101 781; x_wconf 84' lang='lat' dir='ltr'><strong>Coletae</strong></span> <span class='ocrx_word' id='word_1_38' title='bbox 1149 712 1461 803; x_wconf 88' lang='lat' dir='ltr'><strong>virginis,</strong></span> <span class='ocrx_word' id='word_1_39' title='bbox 1527 712 2054 801; x_wconf 88' lang='lat' dir='ltr'><strong>sentiebantque</strong></span> <span class='ocrx_word' id='word_1_40' title='bbox 2102 735 2174 784; x_wconf 91' lang='lat' dir='ltr'><strong>se</strong></span> <span class='ocrx_word' id='word_1_41' title='bbox 2221 712 2556 784; x_wconf 91' lang='lat' dir='ltr'><strong>divinitus</strong></span> <span class='ocrx_word' id='word_1_42' title='bbox 2603 725 2672 784; x_wconf 90' lang='lat' dir='ltr'><strong>et</strong></span> 
     </span>
     <span class='ocr_line' id='line_1_6' title="bbox 116 799 2670 890; baseline 0.003 -27"><span class='ocrx_word' id='word_1_43' title='bbox 116 799 273 867; x_wconf 80' lang='lat' dir='ltr'><strong>vires</strong></span> <span class='ocrx_word' id='word_1_44' title='bbox 316 812 382 867; x_wconf 89' lang='lat' dir='ltr'><strong>et</strong></span> <span class='ocrx_word' id='word_1_45' title='bbox 421 799 937 870; x_wconf 79' lang='lat' dir='ltr'>consolationes</span> <span class='ocrx_word' id='word_1_46' title='bbox 984 801 1320 890; x_wconf 90' lang='lat' dir='ltr'><strong>accipere.</strong></span> <span class='ocrx_word' id='word_1_47' title='bbox 1360 806 1518 871; x_wconf 83' lang='lat' dir='ltr'><strong>Erat</strong></span> <span class='ocrx_word' id='word_1_48' title='bbox 1563 802 1751 871; x_wconf 87' lang='lat' dir='ltr'><strong>enim</strong></span> <span class='ocrx_word' id='word_1_49' title='bbox 1804 802 1979 871; x_wconf 90' lang='lat' dir='ltr'><strong>inter</strong></span> <span class='ocrx_word' id='word_1_50' title='bbox 2032 802 2188 872; x_wconf 90' lang='lat' dir='ltr'><strong>illos</strong></span> <span class='ocrx_word' id='word_1_51' title='bbox 2245 801 2470 871; x_wconf 82' lang='lat' dir='ltr'><strong>Coleta</strong></span> <span class='ocrx_word' id='word_1_52' title='bbox 2520 814 2670 871; x_wconf 88' lang='lat' dir='ltr'><strong>tan-</strong></span> 
     </span>
     <span class='ocr_line' id='line_1_7' title="bbox 116 888 2668 989; baseline 0.003 -35"><span class='ocrx_word' id='word_1_53' title='bbox 116 908 305 972; x_wconf 82' lang='lat' dir='ltr'>quam</span> <span class='ocrx_word' id='word_1_54' title='bbox 344 888 563 957; x_wconf 89' lang='lat' dir='ltr'><strong>totius</strong></span> <span class='ocrx_word' id='word_1_55' title='bbox 612 888 998 957; x_wconf 80' lang='lat' dir='ltr'><strong>sanctitatis</strong></span> <span class='ocrx_word' id='word_1_56' title='bbox 1043 890 1426 989; x_wconf 83' lang='lat' dir='ltr'><strong>exemplar,</strong></span> <span class='ocrx_word' id='word_1_57' title='bbox 1490 891 1848 978; x_wconf 80' lang='lat' dir='ltr'><strong>sacrisque</strong></span> <span class='ocrx_word' id='word_1_58' title='bbox 1898 890 2450 961; x_wconf 84' lang='lat' dir='ltr'><strong>institutionibus</strong></span> <span class='ocrx_word' id='word_1_59' title='bbox 2516 892 2668 961; x_wconf 90' lang='lat' dir='ltr'><strong>suis</strong></span> 
     </span>
     <span class='ocr_line' id='line_1_8' title="bbox 116 976 2669 1065; baseline 0.003 -24"><span class='ocrx_word' id='word_1_60' title='bbox 116 976 586 1045; x_wconf 86' lang='lat' dir='ltr'><strong>inflammabat</strong></span> <span class='ocrx_word' id='word_1_61' title='bbox 615 976 892 1045; x_wconf 90' lang='lat' dir='ltr'><strong>animos</strong></span> <span class='ocrx_word' id='word_1_62' title='bbox 937 998 1201 1057; x_wconf 89' lang='lat' dir='ltr'><strong>eorum,</strong></span> <span class='ocrx_word' id='word_1_63' title='bbox 1256 978 1723 1065; x_wconf 78' lang='lat' dir='ltr'><strong>incitabatque</strong></span> <span class='ocrx_word' id='word_1_64' title='bbox 1761 978 1848 1048; x_wconf 91' lang='lat' dir='ltr'><strong>ad</strong></span> <span class='ocrx_word' id='word_1_65' title='bbox 1899 979 2235 1049; x_wconf 81' lang='lat' dir='ltr'><strong>ferventer</strong></span> <span class='ocrx_word' id='word_1_66' title='bbox 2281 978 2669 1048; x_wconf 91' lang='lat' dir='ltr'><strong>amandum</strong></span> 
     </span>
     <span class='ocr_line' id='line_1_9' title="bbox 111 1063 2668 1153; baseline 0.003 -22"><span class='ocrx_word' id='word_1_67' title='bbox 111 1076 165 1131; x_wconf 86' lang='lat' dir='ltr'><strong>et</strong></span> <span class='ocrx_word' id='word_1_68' title='bbox 208 1064 315 1153; x_wconf 88' lang='lat' dir='ltr'><strong>pie</strong></span> <span class='ocrx_word' id='word_1_69' title='bbox 362 1063 764 1133; x_wconf 89' lang='lat' dir='ltr'><strong>timendum</strong></span> <span class='ocrx_word' id='word_1_70' title='bbox 818 1070 1053 1147; x_wconf 87' lang='lat' dir='ltr'><strong>Deum,</strong></span> <span class='ocrx_word' id='word_1_71' title='bbox 1092 1066 1180 1135; x_wconf 90' lang='lat' dir='ltr'><strong>ad</strong></span> <span class='ocrx_word' id='word_1_72' title='bbox 1218 1065 1319 1135; x_wconf 90' lang='lat' dir='ltr'><strong>illi</strong></span> <span class='ocrx_word' id='word_1_73' title='bbox 1367 1066 1727 1136; x_wconf 86' lang='lat' dir='ltr'><strong>humiliter</strong></span> <span class='ocrx_word' id='word_1_74' title='bbox 1756 1067 2226 1148; x_wconf 89' lang='lat' dir='ltr'><strong>serviendum,</strong></span> <span class='ocrx_word' id='word_1_75' title='bbox 2264 1065 2353 1136; x_wconf 90' lang='lat' dir='ltr'><strong>ad</strong></span> <span class='ocrx_word' id='word_1_76' title='bbox 2386 1067 2668 1138; x_wconf 87' lang='lat' dir='ltr'><strong>vitanda</strong></span> 
     </span>
     <span class='ocr_line' id='line_1_10' title="bbox 112 1152 2664 1246; baseline 0.002 -25"><span class='ocrx_word' id='word_1_77' title='bbox 112 1163 396 1240; x_wconf 82' lang='lat' dir='ltr'><strong>peccata,</strong></span> <span class='ocrx_word' id='word_1_78' title='bbox 454 1152 544 1220; x_wconf 91' lang='lat' dir='ltr'><strong>ad</strong></span> <span class='ocrx_word' id='word_1_79' title='bbox 595 1154 1025 1224; x_wconf 89' lang='lat' dir='ltr'><strong>observanda</strong></span> <span class='ocrx_word' id='word_1_80' title='bbox 1086 1168 1444 1245; x_wconf 87' lang='lat' dir='ltr'><strong>praecepta</strong></span> <span class='ocrx_word' id='word_1_81' title='bbox 1513 1156 1650 1225; x_wconf 91' lang='lat' dir='ltr'><strong>Dei.</strong></span> <span class='ocrx_word' id='word_1_82' title='bbox 1722 1156 1990 1238; x_wconf 86' lang='lat' dir='ltr'><strong>Quibus</strong></span> <span class='ocrx_word' id='word_1_83' title='bbox 2057 1155 2284 1226; x_wconf 89' lang='lat' dir='ltr'><strong>verbis</strong></span> <span class='ocrx_word' id='word_1_84' title='bbox 2333 1177 2664 1246; x_wconf 89' lang='lat' dir='ltr'><strong>magnam</strong></span> 
     </span>
     <span class='ocr_line' id='line_1_11' title="bbox 113 1241 2659 1333; baseline 0.002 -28"><span class='ocrx_word' id='word_1_85' title='bbox 113 1241 228 1308; x_wconf 73' lang='lat' dir='ltr'><strong>vim</strong></span> <span class='ocrx_word' id='word_1_86' title='bbox 275 1241 637 1310; x_wconf 85' lang='lat' dir='ltr'><strong>addebant</strong></span> <span class='ocrx_word' id='word_1_87' title='bbox 704 1253 942 1331; x_wconf 87' lang='lat' dir='ltr'><strong>gestus</strong></span> <span class='ocrx_word' id='word_1_88' title='bbox 1007 1242 1158 1333; x_wconf 89' lang='lat' dir='ltr'><strong>ejus</strong></span> <span class='ocrx_word' id='word_1_89' title='bbox 1206 1243 1680 1313; x_wconf 80' lang='lat' dir='ltr'><strong>honestissimi</strong></span> <span class='ocrx_word' id='word_1_90' title='bbox 1724 1256 1790 1313; x_wconf 92' lang='lat' dir='ltr'><strong>et</strong></span> <span class='ocrx_word' id='word_1_91' title='bbox 1835 1245 2261 1314; x_wconf 88' lang='lat' dir='ltr'><strong>conversatio</strong></span> <span class='ocrx_word' id='word_1_92' title='bbox 2309 1244 2659 1314; x_wconf 88' lang='lat' dir='ltr'><strong>coelestis:</strong></span> 
     </span>
     <span class='ocr_line' id='line_1_12' title="bbox 106 1329 2669 1423; baseline 0.002 -26"><span class='ocrx_word' id='word_1_93' title='bbox 106 1350 231 1414; x_wconf 88' lang='lat' dir='ltr'><strong>qua</strong></span> <span class='ocrx_word' id='word_1_94' title='bbox 276 1329 524 1410; x_wconf 86' lang='lat' dir='ltr'><strong>fiebat,</strong></span> <span class='ocrx_word' id='word_1_95' title='bbox 578 1341 658 1398; x_wconf 91' lang='lat' dir='ltr'><strong>ut</strong></span> <span class='ocrx_word' id='word_1_96' title='bbox 723 1351 862 1398; x_wconf 89' lang='lat' dir='ltr'><strong>non</strong></span> <span class='ocrx_word' id='word_1_97' title='bbox 932 1343 1067 1399; x_wconf 92' lang='lat' dir='ltr'><strong>tam</strong></span> <span class='ocrx_word' id='word_1_98' title='bbox 1135 1332 1462 1412; x_wconf 89' lang='lat' dir='ltr'><strong>hominis,</strong></span> <span class='ocrx_word' id='word_1_99' title='bbox 1519 1354 1734 1420; x_wconf 92' lang='lat' dir='ltr'><strong>quam</strong></span> <span class='ocrx_word' id='word_1_100' title='bbox 1784 1334 2013 1422; x_wconf 81' lang='lat' dir='ltr'><strong>angeli</strong></span> <span class='ocrx_word' id='word_1_101' title='bbox 2060 1332 2364 1423; x_wconf 89' lang='lat' dir='ltr'><strong>speciem</strong></span> <span class='ocrx_word' id='word_1_102' title='bbox 2415 1332 2669 1402; x_wconf 89' lang='lat' dir='ltr'><strong>referre</strong></span> 
     </span>
     <span class='ocr_line' id='line_1_13' title="bbox 108 1418 2666 1508; baseline 0.004 -29"><span class='ocrx_word' id='word_1_103' title='bbox 108 1418 470 1487; x_wconf 76' lang='lat' dir='ltr'><strong>videretur.</strong></span> <span class='ocrx_word' id='word_1_104' title='bbox 510 1418 857 1508; x_wconf 88' lang='lat' dir='ltr'><strong>Cogebant</strong></span> <span class='ocrx_word' id='word_1_105' title='bbox 902 1432 1132 1489; x_wconf 87' lang='lat' dir='ltr'><strong>autem</strong></span> <span class='ocrx_word' id='word_1_106' title='bbox 1184 1420 1373 1489; x_wconf 91' lang='lat' dir='ltr'><strong>illam</strong></span> <span class='ocrx_word' id='word_1_107' title='bbox 1426 1420 1799 1501; x_wconf 87' lang='lat' dir='ltr'><strong>interdum,</strong></span> <span class='ocrx_word' id='word_1_108' title='bbox 1840 1422 2146 1491; x_wconf 88' lang='lat' dir='ltr'><strong>miserati</strong></span> <span class='ocrx_word' id='word_1_109' title='bbox 2172 1423 2323 1508; x_wconf 90' lang='lat' dir='ltr'><strong>ejus</strong></span> <span class='ocrx_word' id='word_1_110' title='bbox 2359 1431 2666 1490; x_wconf 89' lang='lat' dir='ltr'><strong>teneram</strong></span> 
     </span>
     <span class='ocr_line' id='line_1_14' title="bbox 96 1495 2659 1599; baseline 0.002 -26"><span class='ocrx_word' id='word_1_111' title='bbox 96 1504 550 1591; x_wconf 86' lang='lat' dir='ltr'><strong>juventutem,</strong></span> <span class='ocrx_word' id='word_1_112' title='bbox 588 1529 768 1593; x_wconf 90' lang='lat' dir='ltr'><strong>equo</strong></span> <span class='ocrx_word' id='word_1_113' title='bbox 818 1506 1119 1576; x_wconf 86' lang='lat' dir='ltr'><strong>insidere</strong></span> <span class='ocrx_word' id='word_1_114' title='bbox 1148 1508 1202 1573; x_wconf 75' lang='lat'><strong>*.</strong></span> <span class='ocrx_word' id='word_1_115' title='bbox 1243 1509 1369 1578; x_wconf 87' lang='lat' dir='ltr'><strong>Sed</strong></span> <span class='ocrx_word' id='word_1_116' title='bbox 1421 1508 1540 1578; x_wconf 91' lang='lat' dir='ltr'><strong>illa</strong></span> <span class='ocrx_word' id='word_1_117' title='bbox 1569 1509 1992 1597; x_wconf 88' lang='lat' dir='ltr'><strong>simulatque</strong></span> <span class='ocrx_word' id='word_1_118' title='bbox 2027 1495 2278 1580; x_wconf 88' lang='lat' dir='ltr'><strong>insedit</strong></span> <span class='ocrx_word' id='word_1_119' title='bbox 2314 1510 2659 1599; x_wconf 85' lang='lat' dir='ltr'><strong>jumentO,</strong></span> 
     </span>
     <span class='ocr_line' id='line_1_15' title="bbox 105 1593 2664 1688; baseline 0.003 -29"><span class='ocrx_word' id='word_1_120' title='bbox 105 1593 259 1664; x_wconf 86' lang='lat' dir='ltr'><strong>adeo</strong></span> <span class='ocrx_word' id='word_1_121' title='bbox 290 1616 366 1663; x_wconf 90' lang='lat' dir='ltr'><strong>se</strong></span> <span class='ocrx_word' id='word_1_122' title='bbox 426 1593 640 1664; x_wconf 93' lang='lat' dir='ltr'><strong>dabat</strong></span> <span class='ocrx_word' id='word_1_123' title='bbox 691 1595 950 1664; x_wconf 88' lang='lat' dir='ltr'><strong>sanctis</strong></span> <span class='ocrx_word' id='word_1_124' title='bbox 994 1596 1580 1679; x_wconf 88' lang='lat' dir='ltr'><strong>meditationibus,</strong></span> <span class='ocrx_word' id='word_1_125' title='bbox 1621 1607 1701 1666; x_wconf 88' lang='lat' dir='ltr'><strong>ut</strong></span> <span class='ocrx_word' id='word_1_126' title='bbox 1749 1599 2000 1668; x_wconf 85' lang='lat' dir='ltr'><strong>mentis</strong></span> <span class='ocrx_word' id='word_1_127' title='bbox 2032 1598 2351 1670; x_wconf 81' lang='lat' dir='ltr'><strong>ecstasim</strong></span> <span class='ocrx_word' id='word_1_128' title='bbox 2403 1612 2664 1688; x_wconf 87' lang='lat' dir='ltr'><strong>patere-</strong></span> 
     </span>
     <span class='ocr_line' id='line_1_16' title="bbox 106 1682 2667 1772; baseline 0.004 -23"><span class='ocrx_word' id='word_1_129' title='bbox 106 1694 227 1762; x_wconf 88' lang='lat' dir='ltr'><strong>tur,</strong></span> <span class='ocrx_word' id='word_1_130' title='bbox 264 1705 393 1752; x_wconf 85' lang='lat' dir='ltr'><strong>nec</strong></span> <span class='ocrx_word' id='word_1_131' title='bbox 444 1682 827 1769; x_wconf 87' lang='lat' dir='ltr'><strong>quicquam</strong></span> <span class='ocrx_word' id='word_1_132' title='bbox 865 1683 1239 1754; x_wconf 87' lang='lat' dir='ltr'><strong>adverteret</strong></span> <span class='ocrx_word' id='word_1_133' title='bbox 1284 1708 1365 1754; x_wconf 82' lang='lat' dir='ltr'><strong>ex</strong></span> <span class='ocrx_word' id='word_1_134' title='bbox 1413 1686 1523 1755; x_wconf 84' lang='lat' dir='ltr'><strong>his</strong></span> <span class='ocrx_word' id='word_1_135' title='bbox 1569 1706 1750 1772; x_wconf 91' lang='lat' dir='ltr'><strong>quae</strong></span> <span class='ocrx_word' id='word_1_136' title='bbox 1799 1686 1900 1755; x_wconf 90' lang='lat' dir='ltr'><strong>vel</strong></span> <span class='ocrx_word' id='word_1_137' title='bbox 1949 1686 2255 1756; x_wconf 89' lang='lat' dir='ltr'><strong>dicerent</strong></span> <span class='ocrx_word' id='word_1_138' title='bbox 2288 1686 2389 1755; x_wconf 88' lang='lat' dir='ltr'><strong>vel</strong></span> <span class='ocrx_word' id='word_1_139' title='bbox 2425 1686 2667 1759; x_wconf 78' lang='lat' dir='ltr'><strong>fierent</strong></span> 
     </span>
     <span class='ocr_line' id='line_1_17' title="bbox 104 1771 2666 1861; baseline 0.003 -24"><span class='ocrx_word' id='word_1_140' title='bbox 104 1771 181 1838; x_wconf 80' lang='lat' dir='ltr'><strong>ab</strong></span> <span class='ocrx_word' id='word_1_141' title='bbox 227 1771 412 1840; x_wconf 90' lang='lat' dir='ltr'><strong>aliis.</strong></span> <span class='ocrx_word' id='word_1_142' title='bbox 456 1776 591 1841; x_wconf 82' lang='lat' dir='ltr'><strong>Nec</strong></span> <span class='ocrx_word' id='word_1_143' title='bbox 642 1785 870 1840; x_wconf 90' lang='lat' dir='ltr'><strong>tamen</strong></span> <span class='ocrx_word' id='word_1_144' title='bbox 902 1795 1185 1861; x_wconf 85' lang='lat' dir='ltr'><strong>corpore</strong></span> <span class='ocrx_word' id='word_1_145' title='bbox 1231 1773 1619 1854; x_wconf 87' lang='lat' dir='ltr'><strong>vacillabat,</strong></span> <span class='ocrx_word' id='word_1_146' title='bbox 1676 1773 1794 1844; x_wconf 88' lang='lat' dir='ltr'><strong>sed</strong></span> <span class='ocrx_word' id='word_1_147' title='bbox 1854 1775 1947 1844; x_wconf 92' lang='lat' dir='ltr'><strong>ita</strong></span> <span class='ocrx_word' id='word_1_148' title='bbox 1985 1775 2266 1845; x_wconf 88' lang='lat' dir='ltr'><strong>sedebat</strong></span> <span class='ocrx_word' id='word_1_149' title='bbox 2310 1786 2535 1845; x_wconf 85' lang='lat' dir='ltr'><strong>erecta</strong></span> <span class='ocrx_word' id='word_1_150' title='bbox 2599 1786 2666 1844; x_wconf 91' lang='lat' dir='ltr'><strong>et</strong></span> 
     </span>
     <span class='ocr_line' id='line_1_18' title="bbox 110 1859 2658 1953; baseline 0.002 -28"><span class='ocrx_word' id='word_1_151' title='bbox 110 1859 406 1937; x_wconf 83' lang='lat' dir='ltr'><strong>immota,</strong></span> <span class='ocrx_word' id='word_1_152' title='bbox 468 1859 610 1930; x_wconf 90' lang='lat' dir='ltr'><strong>acsi</strong></span> <span class='ocrx_word' id='word_1_153' title='bbox 658 1860 748 1928; x_wconf 90' lang='lat' dir='ltr'><strong>ab</strong></span> <span class='ocrx_word' id='word_1_154' title='bbox 780 1861 1070 1950; x_wconf 83' lang='lat' dir='ltr'><strong>angelis,</strong></span> <span class='ocrx_word' id='word_1_155' title='bbox 1105 1861 1290 1948; x_wconf 88' lang='lat' dir='ltr'><strong>quod</strong></span> <span class='ocrx_word' id='word_1_156' title='bbox 1325 1884 1450 1932; x_wconf 91' lang='lat' dir='ltr'><strong>nos</strong></span> <span class='ocrx_word' id='word_1_157' title='bbox 1478 1884 1615 1932; x_wconf 89' lang='lat' dir='ltr'><strong>non</strong></span> <span class='ocrx_word' id='word_1_158' title='bbox 1647 1863 2096 1953; x_wconf 84' lang='lat' dir='ltr'><strong>ambigimus,</strong></span> <span class='ocrx_word' id='word_1_159' title='bbox 2134 1875 2658 1933; x_wconf 90' lang='lat' dir='ltr'><strong>sustentaretur.</strong></span> 
     </span>
    </p>

    <p class='ocr_par' dir='ltr' id='par_1_3' title="bbox 111 1950 2668 4424">
     <span class='ocr_line' id='line_1_19' title="bbox 184 1950 2656 2034; baseline 0 -13"><span class='ocrx_word' id='word_1_160' title='bbox 184 1951 219 2033; x_wconf 71' lang='grc' dir='ltr'><strong>ξ</strong></span> <span class='ocrx_word' id='word_1_161' title='bbox 266 1953 415 2021; x_wconf 71' lang='grc'><strong>13.</strong></span> <span class='ocrx_word' id='word_1_162' title='bbox 463 1953 833 2034; x_wconf 87' lang='lat' dir='ltr'><strong>Postquam</strong></span> <span class='ocrx_word' id='word_1_163' title='bbox 866 1962 1094 2017; x_wconf 84' lang='lat' dir='ltr'><strong>autem</strong></span> <span class='ocrx_word' id='word_1_164' title='bbox 1145 1951 1419 2020; x_wconf 85' lang='lat' dir='ltr'><strong>Niceam</strong></span> <span class='ocrx_word' id='word_1_165' title='bbox 1463 1952 1644 2019; x_wconf 84' lang='lat' dir='ltr'><strong>venit</strong></span> <span class='ocrx_word' id='word_1_166' title='bbox 1692 1951 1938 2030; x_wconf 90' lang='lat' dir='ltr'><strong>Coleta,</strong></span> <span class='ocrx_word' id='word_1_167' title='bbox 1978 1952 2101 2023; x_wconf 91' lang='lat' dir='ltr'><strong>ubi</strong></span> <span class='ocrx_word' id='word_1_168' title='bbox 2150 1965 2295 2022; x_wconf 90' lang='lat' dir='ltr'><strong>tum</strong></span> <span class='ocrx_word' id='word_1_169' title='bbox 2347 1950 2656 2022; x_wconf 79' lang='lat' dir='ltr'><strong>Pontifex</strong></span> 
     </span>
     <span class='ocr_line' id='line_1_20' title="bbox 112 2037 2660 2119; baseline 0.004 -19"><span class='ocrx_word' id='word_1_170' title='bbox 112 2037 525 2117; x_wconf 85' lang='lat' dir='ltr'><strong>morabatur,</strong></span> <span class='ocrx_word' id='word_1_171' title='bbox 580 2059 736 2105; x_wconf 91' lang='lat' dir='ltr'><strong>eam</strong></span> <span class='ocrx_word' id='word_1_172' title='bbox 784 2046 862 2105; x_wconf 91' lang='lat' dir='ltr'><strong>ut</strong></span> <span class='ocrx_word' id='word_1_173' title='bbox 911 2037 1077 2106; x_wconf 88' lang='lat' dir='ltr'><strong>vidit</strong></span> <span class='ocrx_word' id='word_1_174' title='bbox 1116 2039 1460 2118; x_wconf 80' lang='lat' dir='ltr'><strong>Pontifex,</strong></span> <span class='ocrx_word' id='word_1_175' title='bbox 1514 2039 1891 2109; x_wconf 88' lang='lat' dir='ltr'><strong>clementer</strong></span> <span class='ocrx_word' id='word_1_176' title='bbox 1943 2062 2096 2111; x_wconf 90' lang='lat' dir='ltr'><strong>eam</strong></span> <span class='ocrx_word' id='word_1_177' title='bbox 2148 2040 2485 2119; x_wconf 79' lang='lat' dir='ltr'><strong>intuitus,</strong></span> <span class='ocrx_word' id='word_1_178' title='bbox 2541 2063 2660 2109; x_wconf 88' lang='lat' dir='ltr'><strong>ac-</strong></span> 
     </span>
     <span class='ocr_line' id='line_1_21' title="bbox 114 2125 2665 2217; baseline 0.003 -27"><span class='ocrx_word' id='word_1_179' title='bbox 114 2125 299 2193; x_wconf 86' lang='lat' dir='ltr'><strong>cessit</strong></span> <span class='ocrx_word' id='word_1_180' title='bbox 350 2125 648 2215; x_wconf 88' lang='lat' dir='ltr'><strong>propius</strong></span> <span class='ocrx_word' id='word_1_181' title='bbox 675 2137 743 2193; x_wconf 89' lang='lat' dir='ltr'><strong>et</strong></span> <span class='ocrx_word' id='word_1_182' title='bbox 790 2126 1272 2195; x_wconf 80' lang='lat' dir='ltr'><strong>crumenulam</strong></span> <span class='ocrx_word' id='word_1_183' title='bbox 1308 2127 1396 2196; x_wconf 88' lang='lat' dir='ltr'><strong>ab</strong></span> <span class='ocrx_word' id='word_1_184' title='bbox 1425 2127 1576 2216; x_wconf 88' lang='lat' dir='ltr'><strong>ejus</strong></span> <span class='ocrx_word' id='word_1_185' title='bbox 1606 2149 1778 2196; x_wconf 90' lang='lat' dir='ltr'><strong>zona</strong></span> <span class='ocrx_word' id='word_1_186' title='bbox 1827 2128 2237 2217; x_wconf 86' lang='lat' dir='ltr'><strong>pendentem</strong></span> <span class='ocrx_word' id='word_1_187' title='bbox 2289 2151 2416 2197; x_wconf 89' lang='lat' dir='ltr'><strong>sua</strong></span> <span class='ocrx_word' id='word_1_188' title='bbox 2448 2151 2665 2198; x_wconf 88' lang='lat' dir='ltr'><strong>manu</strong></span> 
     </span>
     <span class='ocr_line' id='line_1_22' title="bbox 117 2211 2668 2307; baseline 0.004 -30"><span class='ocrx_word' id='word_1_189' title='bbox 117 2211 405 2292; x_wconf 82' lang='lat' dir='ltr'><strong>abstulit,</strong></span> <span class='ocrx_word' id='word_1_190' title='bbox 470 2214 539 2282; x_wconf 88' lang='lat' dir='ltr'><strong>in</strong></span> <span class='ocrx_word' id='word_1_191' title='bbox 596 2236 738 2300; x_wconf 88' lang='lat' dir='ltr'><strong>qua</strong></span> <span class='ocrx_word' id='word_1_192' title='bbox 785 2225 930 2282; x_wconf 88' lang='lat' dir='ltr'><strong>erat</strong></span> <span class='ocrx_word' id='word_1_193' title='bbox 986 2214 1325 2292; x_wconf 89' lang='lat' dir='ltr'><strong>chartula,</strong></span> <span class='ocrx_word' id='word_1_194' title='bbox 1392 2216 1507 2284; x_wconf 91' lang='lat' dir='ltr'><strong>cui</strong></span> <span class='ocrx_word' id='word_1_195' title='bbox 1555 2215 2002 2305; x_wconf 88' lang='lat' dir='ltr'><strong>inscripserat</strong></span> <span class='ocrx_word' id='word_1_196' title='bbox 2063 2216 2373 2287; x_wconf 81' lang='lat' dir='ltr'><strong>Pontifici</strong></span> <span class='ocrx_word' id='word_1_197' title='bbox 2415 2238 2668 2307; x_wconf 88' lang='lat' dir='ltr'><strong>propo-</strong></span> 
     </span>
     <span class='ocr_line' id='line_1_23' title="bbox 116 2301 2668 2395; baseline 0.002 -26"><span class='ocrx_word' id='word_1_198' title='bbox 116 2302 346 2370; x_wconf 88' lang='lat' dir='ltr'><strong>nenda.</strong></span> <span class='ocrx_word' id='word_1_199' title='bbox 392 2308 562 2370; x_wconf 88' lang='lat' dir='ltr'><strong>Eam</strong></span> <span class='ocrx_word' id='word_1_200' title='bbox 614 2301 732 2370; x_wconf 88' lang='lat' dir='ltr'><strong>ille</strong></span> <span class='ocrx_word' id='word_1_201' title='bbox 786 2301 985 2391; x_wconf 88' lang='lat' dir='ltr'><strong>legit,</strong></span> <span class='ocrx_word' id='word_1_202' title='bbox 1039 2305 1494 2393; x_wconf 84' lang='lat' dir='ltr'><strong>cognovitque</strong></span> <span class='ocrx_word' id='word_1_203' title='bbox 1542 2316 1761 2374; x_wconf 89' lang='lat' dir='ltr'><strong>totum</strong></span> <span class='ocrx_word' id='word_1_204' title='bbox 1808 2304 1961 2394; x_wconf 87' lang='lat' dir='ltr'><strong>ejus</strong></span> <span class='ocrx_word' id='word_1_205' title='bbox 2010 2304 2384 2395; x_wconf 90' lang='lat' dir='ltr'><strong>negotium.</strong></span> <span class='ocrx_word' id='word_1_206' title='bbox 2438 2310 2514 2373; x_wconf 83' lang='lat' dir='ltr'><strong>At</strong></span> <span class='ocrx_word' id='word_1_207' title='bbox 2564 2305 2668 2373; x_wconf 92' lang='lat' dir='ltr'><strong>ni-</strong></span> 
     </span>
     <span class='ocr_line' id='line_1_24' title="bbox 116 2387 2665 2482; baseline 0.003 -27"><span class='ocrx_word' id='word_1_208' title='bbox 116 2387 243 2459; x_wconf 86' lang='lat' dir='ltr'><strong>hilo</strong></span> <span class='ocrx_word' id='word_1_209' title='bbox 297 2391 540 2459; x_wconf 89' lang='lat' dir='ltr'><strong>minus</strong></span> <span class='ocrx_word' id='word_1_210' title='bbox 601 2389 723 2459; x_wconf 89' lang='lat' dir='ltr'><strong>illa</strong></span> <span class='ocrx_word' id='word_1_211' title='bbox 770 2412 1043 2477; x_wconf 90' lang='lat' dir='ltr'><strong>quoque</strong></span> <span class='ocrx_word' id='word_1_212' title='bbox 1091 2413 1207 2461; x_wconf 91' lang='lat' dir='ltr'><strong>ore</strong></span> <span class='ocrx_word' id='word_1_213' title='bbox 1256 2414 1382 2461; x_wconf 89' lang='lat' dir='ltr'><strong>suo</strong></span> <span class='ocrx_word' id='word_1_214' title='bbox 1427 2393 1745 2482; x_wconf 85' lang='lat' dir='ltr'><strong>exposuit</strong></span> <span class='ocrx_word' id='word_1_215' title='bbox 1790 2393 1853 2461; x_wconf 93' lang='lat' dir='ltr'><strong>ei</strong></span> <span class='ocrx_word' id='word_1_216' title='bbox 1901 2415 2189 2462; x_wconf 91' lang='lat' dir='ltr'><strong>causam</strong></span> <span class='ocrx_word' id='word_1_217' title='bbox 2239 2392 2506 2463; x_wconf 88' lang='lat' dir='ltr'><strong>itineris</strong></span> <span class='ocrx_word' id='word_1_218' title='bbox 2553 2394 2665 2463; x_wconf 91' lang='lat' dir='ltr'><strong>sui</strong></span> 
     </span>
     <span class='ocr_line' id='line_1_25' title="bbox 112 2479 2665 2573; baseline 0.003 -29"><span class='ocrx_word' id='word_1_219' title='bbox 112 2490 168 2546; x_wconf 89' lang='lat' dir='ltr'><strong>et</strong></span> <span class='ocrx_word' id='word_1_220' title='bbox 208 2479 369 2566; x_wconf 91' lang='lat' dir='ltr'><strong>quid</strong></span> <span class='ocrx_word' id='word_1_221' title='bbox 423 2491 792 2570; x_wconf 81' lang='lat' dir='ltr'><strong>expeteret.</strong></span> <span class='ocrx_word' id='word_1_222' title='bbox 851 2485 993 2550; x_wconf 89' lang='lat' dir='ltr'><strong>Duo</strong></span> <span class='ocrx_word' id='word_1_223' title='bbox 1039 2492 1270 2550; x_wconf 90' lang='lat' dir='ltr'><strong>autem</strong></span> <span class='ocrx_word' id='word_1_224' title='bbox 1307 2481 1748 2572; x_wconf 90' lang='lat' dir='ltr'><strong>potissimum</strong></span> <span class='ocrx_word' id='word_1_225' title='bbox 1798 2482 1885 2552; x_wconf 90' lang='lat' dir='ltr'><strong>ab</strong></span> <span class='ocrx_word' id='word_1_226' title='bbox 1936 2482 2054 2552; x_wconf 93' lang='lat' dir='ltr'><strong>illo</strong></span> <span class='ocrx_word' id='word_1_227' title='bbox 2110 2482 2401 2573; x_wconf 87' lang='lat' dir='ltr'><strong>petebat,</strong></span> <span class='ocrx_word' id='word_1_228' title='bbox 2456 2493 2532 2551; x_wconf 89' lang='lat' dir='ltr'><strong>ut</strong></span> <span class='ocrx_word' id='word_1_229' title='bbox 2579 2481 2665 2551; x_wconf 86' lang='lat' dir='ltr'><strong>li-</strong></span> 
     </span>
     <span class='ocr_line' id='line_1_26' title="bbox 111 2568 2657 2660; baseline 0.002 -27"><span class='ocrx_word' id='word_1_230' title='bbox 111 2568 273 2637; x_wconf 70' lang='lat' dir='ltr'><strong>Ceret</strong></span> <span class='ocrx_word' id='word_1_231' title='bbox 300 2569 360 2638; x_wconf 93' lang='lat' dir='ltr'><strong>ei</strong></span> <span class='ocrx_word' id='word_1_232' title='bbox 416 2574 483 2638; x_wconf 88' lang='lat' dir='ltr'><strong>S.</strong></span> <span class='ocrx_word' id='word_1_233' title='bbox 543 2568 780 2638; x_wconf 88' lang='lat' dir='ltr'><strong>Clarae</strong></span> <span class='ocrx_word' id='word_1_234' title='bbox 826 2569 1150 2660; x_wconf 89' lang='lat' dir='ltr'><strong>amplecti</strong></span> <span class='ocrx_word' id='word_1_235' title='bbox 1182 2570 1576 2640; x_wconf 88' lang='lat' dir='ltr'><strong>institutum</strong></span> <span class='ocrx_word' id='word_1_236' title='bbox 1611 2584 1677 2640; x_wconf 88' lang='lat' dir='ltr'><strong>et</strong></span> <span class='ocrx_word' id='word_1_237' title='bbox 1708 2582 1782 2641; x_wconf 94' lang='lat' dir='ltr'><strong>ut</strong></span> <span class='ocrx_word' id='word_1_238' title='bbox 1833 2571 2320 2641; x_wconf 88' lang='lat' dir='ltr'><strong>reformaretur</strong></span> <span class='ocrx_word' id='word_1_239' title='bbox 2359 2571 2539 2641; x_wconf 91' lang='lat' dir='ltr'><strong>Ordo</strong></span> <span class='ocrx_word' id='word_1_240' title='bbox 2590 2575 2657 2639; x_wconf 91' lang='lat' dir='ltr'><strong>S.</strong></span> 
     </span>
     <span class='ocr_line' id='line_1_27' title="bbox 117 2658 2660 2745; baseline 0.003 -24"><span class='ocrx_word' id='word_1_241' title='bbox 117 2658 467 2727; x_wconf 74' lang='lat' dir='ltr'><strong>Francisci.</strong></span> <span class='ocrx_word' id='word_1_242' title='bbox 523 2658 679 2725; x_wconf 88' lang='lat' dir='ltr'><strong>Visa</strong></span> <span class='ocrx_word' id='word_1_243' title='bbox 746 2669 909 2729; x_wconf 89' lang='lat' dir='ltr'><strong>sunt</strong></span> <span class='ocrx_word' id='word_1_244' title='bbox 965 2680 1044 2726; x_wconf 92' lang='lat' dir='ltr'><strong>ea</strong></span> <span class='ocrx_word' id='word_1_245' title='bbox 1098 2659 1410 2728; x_wconf 87' lang='lat' dir='ltr'><strong>Pontifici</strong></span> <span class='ocrx_word' id='word_1_246' title='bbox 1463 2659 1710 2729; x_wconf 88' lang='lat' dir='ltr'><strong>rationi</strong></span> <span class='ocrx_word' id='word_1_247' title='bbox 1759 2672 2245 2740; x_wconf 82' lang='lat' dir='ltr'><strong>consentanea,</strong></span> <span class='ocrx_word' id='word_1_248' title='bbox 2300 2658 2420 2728; x_wconf 91' lang='lat' dir='ltr'><strong>sed</strong></span> <span class='ocrx_word' id='word_1_249' title='bbox 2475 2658 2660 2745; x_wconf 91' lang='lat' dir='ltr'><strong>quod</strong></span> 
     </span>
     <span class='ocr_line' id='line_1_28' title="bbox 114 2745 2662 2832; baseline 0.003 -25"><span class='ocrx_word' id='word_1_250' title='bbox 114 2765 234 2812; x_wconf 85' lang='lat' dir='ltr'><strong>non</strong></span> <span class='ocrx_word' id='word_1_251' title='bbox 280 2745 601 2815; x_wconf 89' lang='lat' dir='ltr'><strong>deessent</strong></span> <span class='ocrx_word' id='word_1_252' title='bbox 649 2746 770 2832; x_wconf 91' lang='lat' dir='ltr'><strong>qui</strong></span> <span class='ocrx_word' id='word_1_253' title='bbox 810 2747 1380 2829; x_wconf 87' lang='lat' dir='ltr'><strong>contradicerent,</strong></span> <span class='ocrx_word' id='word_1_254' title='bbox 1417 2746 1689 2818; x_wconf 88' lang='lat' dir='ltr'><strong>distulit</strong></span> <span class='ocrx_word' id='word_1_255' title='bbox 1735 2769 2096 2818; x_wconf 90' lang='lat' dir='ltr'><strong>assensum</strong></span> <span class='ocrx_word' id='word_1_256' title='bbox 2151 2749 2221 2816; x_wconf 88' lang='lat' dir='ltr'><strong>in</strong></span> <span class='ocrx_word' id='word_1_257' title='bbox 2264 2746 2457 2817; x_wconf 91' lang='lat' dir='ltr'><strong>aliud</strong></span> <span class='ocrx_word' id='word_1_258' title='bbox 2494 2758 2662 2816; x_wconf 85' lang='lat' dir='ltr'><strong>tem·</strong></span> 
     </span>
     <span class='ocr_line' id='line_1_29' title="bbox 116 2834 2665 2924; baseline 0.002 -24"><span class='ocrx_word' id='word_1_259' title='bbox 116 2853 251 2918; x_wconf 87' lang='lat' dir='ltr'><strong>pus.</strong></span> <span class='ocrx_word' id='word_1_260' title='bbox 305 2840 381 2904; x_wconf 85' lang='lat' dir='ltr'><strong>Et</strong></span> <span class='ocrx_word' id='word_1_261' title='bbox 412 2857 574 2905; x_wconf 86' lang='lat' dir='ltr'><strong>ecce</strong></span> <span class='ocrx_word' id='word_1_262' title='bbox 609 2834 821 2924; x_wconf 88' lang='lat' dir='ltr'><strong>pestis</strong></span> <span class='ocrx_word' id='word_1_263' title='bbox 870 2836 1273 2904; x_wconf 89' lang='lat' dir='ltr'><strong>saevissima</strong></span> <span class='ocrx_word' id='word_1_264' title='bbox 1307 2836 1568 2905; x_wconf 84' lang='lat' dir='ltr'><strong>invadit</strong></span> <span class='ocrx_word' id='word_1_265' title='bbox 1610 2857 1766 2904; x_wconf 89' lang='lat' dir='ltr'><strong>eam</strong></span> <span class='ocrx_word' id='word_1_266' title='bbox 1800 2836 2068 2917; x_wconf 88' lang='lat' dir='ltr'><strong>urbem,</strong></span> <span class='ocrx_word' id='word_1_267' title='bbox 2128 2837 2665 2923; x_wconf 88' lang='lat' dir='ltr'><strong>moriunturque</strong></span> 
     </span>
     <span class='ocr_line' id='line_1_30' title="bbox 113 2921 2663 3016; baseline 0.002 -29"><span class='ocrx_word' id='word_1_268' title='bbox 113 2921 321 2991; x_wconf 84' lang='lat' dir='ltr'><strong>subito</strong></span> <span class='ocrx_word' id='word_1_269' title='bbox 372 2924 557 2992; x_wconf 88' lang='lat' dir='ltr'><strong>inter</strong></span> <span class='ocrx_word' id='word_1_270' title='bbox 601 2923 778 2992; x_wconf 91' lang='lat' dir='ltr'><strong>alios</strong></span> <span class='ocrx_word' id='word_1_271' title='bbox 823 2923 1110 3009; x_wconf 89' lang='lat' dir='ltr'><strong>quidam</strong></span> <span class='ocrx_word' id='word_1_272' title='bbox 1144 2945 1225 2992; x_wconf 80' lang='lat' dir='ltr'><strong>ex</strong></span> <span class='ocrx_word' id='word_1_273' title='bbox 1274 2924 1360 2993; x_wconf 88' lang='lat' dir='ltr'><strong>iis</strong></span> <span class='ocrx_word' id='word_1_274' title='bbox 1406 2925 1531 3012; x_wconf 88' lang='lat' dir='ltr'><strong>qui</strong></span> <span class='ocrx_word' id='word_1_275' title='bbox 1580 2924 1681 2992; x_wconf 87' lang='lat' dir='ltr'><strong>vel</strong></span> <span class='ocrx_word' id='word_1_276' title='bbox 1734 2924 2031 2994; x_wconf 85' lang='lat' dir='ltr'><strong>maxime</strong></span> <span class='ocrx_word' id='word_1_277' title='bbox 2085 2926 2441 3016; x_wconf 88' lang='lat' dir='ltr'><strong>negotium</strong></span> <span class='ocrx_word' id='word_1_278' title='bbox 2485 2924 2663 2993; x_wconf 90' lang='lat' dir='ltr'><strong>illud</strong></span> 
     </span>
     <span class='ocr_line' id='line_1_31' title="bbox 112 3007 2664 3104; baseline 0.003 -29"><span class='ocrx_word' id='word_1_279' title='bbox 112 3007 558 3080; x_wconf 78' lang='lat' dir='ltr'><strong>differendum</strong></span> <span class='ocrx_word' id='word_1_280' title='bbox 594 3024 1029 3081; x_wconf 88' lang='lat' dir='ltr'><strong>censuerant.</strong></span> <span class='ocrx_word' id='word_1_281' title='bbox 1086 3017 1273 3094; x_wconf 88' lang='lat' dir='ltr'><strong>Quae</strong></span> <span class='ocrx_word' id='word_1_282' title='bbox 1307 3035 1416 3082; x_wconf 90' lang='lat' dir='ltr'><strong>res</strong></span> <span class='ocrx_word' id='word_1_283' title='bbox 1445 3012 1634 3104; x_wconf 92' lang='lat' dir='ltr'><strong>apud</strong></span> <span class='ocrx_word' id='word_1_284' title='bbox 1687 3012 2006 3083; x_wconf 89' lang='lat' dir='ltr'><strong>homines</strong></span> <span class='ocrx_word' id='word_1_285' title='bbox 2054 3035 2192 3083; x_wconf 92' lang='lat' dir='ltr'><strong>non</strong></span> <span class='ocrx_word' id='word_1_286' title='bbox 2229 3028 2340 3084; x_wconf 89' lang='lat' dir='ltr'><strong>stu</strong></span> <span class='ocrx_word' id='word_1_287' title='bbox 2395 3013 2547 3082; x_wconf 89' lang='lat' dir='ltr'><strong>idos</strong></span> <span class='ocrx_word' id='word_1_288' title='bbox 2589 3012 2664 3082; x_wconf 87' lang='lat' dir='ltr'><strong>id</strong></span> 
     </span>
     <span class='ocr_line' id='line_1_32' title="bbox 112 3037 2664 3202; baseline 0.003 -39"><span class='ocrx_word' id='word_1_289' title='bbox 112 3096 335 3178; x_wconf 79' lang='lat' dir='ltr'><strong>effecit,</strong></span> <span class='ocrx_word' id='word_1_290' title='bbox 393 3113 470 3169; x_wconf 88' lang='lat' dir='ltr'><strong>ut</strong></span> <span class='ocrx_word' id='word_1_291' title='bbox 516 3100 992 3170; x_wconf 81' lang='lat' dir='ltr'><strong>existimarent</strong></span> <span class='ocrx_word' id='word_1_292' title='bbox 1041 3100 1109 3169; x_wconf 90' lang='lat' dir='ltr'><strong>id</strong></span> <span class='ocrx_word' id='word_1_293' title='bbox 1158 3101 1494 3171; x_wconf 76' lang='lat' dir='ltr'><strong>accidisse</strong></span> <span class='ocrx_word' id='word_1_294' title='bbox 1545 3111 1822 3191; x_wconf 89' lang='lat' dir='ltr'><strong>propter</strong></span> <span class='ocrx_word' id='word_1_295' title='bbox 1872 3101 2159 3202; x_wconf 82' lang='lat' dir='ltr'><strong>injectas</strong></span> <span class='ocrx_word' id='word_1_296' title='bbox 2191 3037 2486 3172; x_wconf 56' lang='lat' dir='ltr'><strong>ancillae</strong></span> <span class='ocrx_word' id='word_1_297' title='bbox 2546 3101 2664 3171; x_wconf 88' lang='lat' dir='ltr'><strong>Dei</strong></span> 
     </span>
     <span class='ocr_line' id='line_1_33' title="bbox 115 3187 2665 3280; baseline 0.003 -29"><span class='ocrx_word' id='word_1_298' title='bbox 115 3205 347 3266; x_wconf 81' lang='lat' dir='ltr'><strong>moras,</strong></span> <span class='ocrx_word' id='word_1_299' title='bbox 402 3188 696 3279; x_wconf 88' lang='lat' dir='ltr'><strong>ejusque</strong></span> <span class='ocrx_word' id='word_1_300' title='bbox 746 3210 980 3278; x_wconf 89' lang='lat' dir='ltr'><strong>preces</strong></span> <span class='ocrx_word' id='word_1_301' title='bbox 1042 3188 1111 3257; x_wconf 89' lang='lat' dir='ltr'><strong>in</strong></span> <span class='ocrx_word' id='word_1_302' title='bbox 1172 3189 1457 3280; x_wconf 89' lang='lat' dir='ltr'><strong>longum</strong></span> <span class='ocrx_word' id='word_1_303' title='bbox 1509 3200 1786 3280; x_wconf 90' lang='lat' dir='ltr'><strong>tempus</strong></span> <span class='ocrx_word' id='word_1_304' title='bbox 1856 3201 2165 3280; x_wconf 66' lang='lat' dir='ltr'><strong>rejectaS.</strong></span> <span class='ocrx_word' id='word_1_305' title='bbox 2220 3195 2298 3259; x_wconf 91' lang='lat' dir='ltr'><strong>Et</strong></span> <span class='ocrx_word' id='word_1_306' title='bbox 2357 3187 2665 3259; x_wconf 82' lang='lat' dir='ltr'><strong>Pontifex</strong></span> 
     </span>
     <span class='ocr_line' id='line_1_34' title="bbox 115 3276 2665 3378; baseline 0.002 -38"><span class='ocrx_word' id='word_1_307' title='bbox 115 3293 260 3342; x_wconf 72' lang='lat' dir='ltr'><strong>sane</strong></span> <span class='ocrx_word' id='word_1_308' title='bbox 292 3276 380 3346; x_wconf 87' lang='lat' dir='ltr'><strong>iis</strong></span> <span class='ocrx_word' id='word_1_309' title='bbox 424 3299 607 3363; x_wconf 87' lang='lat' dir='ltr'><strong>quae</strong></span> <span class='ocrx_word' id='word_1_310' title='bbox 654 3277 963 3362; x_wconf 88' lang='lat' dir='ltr'><strong>quotidie</strong></span> <span class='ocrx_word' id='word_1_311' title='bbox 1012 3277 1269 3347; x_wconf 84' lang='lat' dir='ltr'><strong>fiebant</strong></span> <span class='ocrx_word' id='word_1_312' title='bbox 1327 3280 1722 3368; x_wconf 83' lang='lat' dir='ltr'><strong>permotus,</strong></span> <span class='ocrx_word' id='word_1_313' title='bbox 1778 3277 2000 3348; x_wconf 89' lang='lat' dir='ltr'><strong>noluit</strong></span> <span class='ocrx_word' id='word_1_314' title='bbox 2059 3300 2212 3348; x_wconf 89' lang='lat' dir='ltr'><strong>eam</strong></span> <span class='ocrx_word' id='word_1_315' title='bbox 2266 3277 2665 3378; x_wconf 74' lang='lat' dir='ltr'><strong>protrahere</strong></span> 
     </span>
     <span class='ocr_line' id='line_1_35' title="bbox 117 3359 2664 3447; baseline 0.004 -24"><span class='ocrx_word' id='word_1_316' title='bbox 117 3359 399 3435; x_wconf 80' lang='lat' dir='ltr'><strong>diutius:</strong></span> <span class='ocrx_word' id='word_1_317' title='bbox 455 3364 575 3436; x_wconf 85' lang='lat' dir='ltr'><strong>sed</strong></span> <span class='ocrx_word' id='word_1_318' title='bbox 626 3365 712 3433; x_wconf 89' lang='lat' dir='ltr'><strong>ad</strong></span> <span class='ocrx_word' id='word_1_319' title='bbox 746 3386 819 3434; x_wconf 88' lang='lat' dir='ltr'><strong>se</strong></span> <span class='ocrx_word' id='word_1_320' title='bbox 864 3368 1181 3447; x_wconf 85' lang='lat' dir='ltr'><strong>accitam,</strong></span> <span class='ocrx_word' id='word_1_321' title='bbox 1219 3387 1454 3437; x_wconf 88' lang='lat' dir='ltr'><strong>coram</strong></span> <span class='ocrx_word' id='word_1_322' title='bbox 1492 3365 1731 3435; x_wconf 87' lang='lat' dir='ltr'><strong>multis</strong></span> <span class='ocrx_word' id='word_1_323' title='bbox 1777 3379 1843 3436; x_wconf 88' lang='lat' dir='ltr'><strong>et</strong></span> <span class='ocrx_word' id='word_1_324' title='bbox 1888 3367 2374 3438; x_wconf 80' lang='lat' dir='ltr'><strong>ecclesiasticis</strong></span> <span class='ocrx_word' id='word_1_325' title='bbox 2420 3379 2486 3435; x_wconf 92' lang='lat' dir='ltr'><strong>et</strong></span> <span class='ocrx_word' id='word_1_326' title='bbox 2534 3365 2664 3434; x_wconf 80' lang='lat' dir='ltr'><strong>lat-</strong></span> 
     </span>
     <span class='ocr_line' id='line_1_36' title="bbox 118 3448 2660 3544; baseline 0.003 -29"><span class='ocrx_word' id='word_1_327' title='bbox 118 3448 225 3530; x_wconf 79' lang='lat' dir='ltr'><strong>cis,</strong></span> <span class='ocrx_word' id='word_1_328' title='bbox 274 3476 438 3522; x_wconf 88' lang='lat' dir='ltr'><strong>cum</strong></span> <span class='ocrx_word' id='word_1_329' title='bbox 493 3455 691 3543; x_wconf 88' lang='lat' dir='ltr'><strong>prius</strong></span> <span class='ocrx_word' id='word_1_330' title='bbox 791 3453 999 3523; x_wconf 82' lang='lat' dir='ltr'><strong>rolixe</strong></span> <span class='ocrx_word' id='word_1_331' title='bbox 1039 3455 1592 3526; x_wconf 88' lang='lat' dir='ltr'><strong>commendasset</strong></span> <span class='ocrx_word' id='word_1_332' title='bbox 1643 3455 1854 3524; x_wconf 89' lang='lat' dir='ltr'><strong>vitam</strong></span> <span class='ocrx_word' id='word_1_333' title='bbox 1913 3455 2394 3544; x_wconf 86' lang='lat' dir='ltr'><strong>Evangelicam</strong></span> <span class='ocrx_word' id='word_1_334' title='bbox 2444 3475 2660 3541; x_wconf 90' lang='lat' dir='ltr'><strong>quam</strong></span> 
     </span>
     <span class='ocr_line' id='line_1_37' title="bbox 118 3535 2652 3633; baseline 0.004 -33"><span class='ocrx_word' id='word_1_335' title='bbox 118 3535 217 3606; x_wconf 85' lang='lat' dir='ltr'><strong>illa</strong></span> <span class='ocrx_word' id='word_1_336' title='bbox 264 3542 570 3629; x_wconf 83' lang='lat' dir='ltr'><strong>profiteri</strong></span> <span class='ocrx_word' id='word_1_337' title='bbox 649 3563 729 3609; x_wconf 96' lang='lat' dir='ltr'><strong>vo</strong></span> <span class='ocrx_word' id='word_1_338' title='bbox 757 3543 954 3621; x_wconf 89' lang='lat' dir='ltr'><strong>ebat,</strong></span> <span class='ocrx_word' id='word_1_339' title='bbox 1006 3564 1159 3611; x_wconf 90' lang='lat' dir='ltr'><strong>eam</strong></span> <span class='ocrx_word' id='word_1_340' title='bbox 1229 3544 1485 3632; x_wconf 89' lang='lat' dir='ltr'><strong>recepit</strong></span> <span class='ocrx_word' id='word_1_341' title='bbox 1536 3542 1623 3612; x_wconf 91' lang='lat' dir='ltr'><strong>ad</strong></span> <span class='ocrx_word' id='word_1_342' title='bbox 1677 3543 2175 3633; x_wconf 83' lang='lat' dir='ltr'><strong>professionem</strong></span> <span class='ocrx_word' id='word_1_343' title='bbox 2236 3543 2535 3613; x_wconf 87' lang='lat' dir='ltr'><strong>instituti</strong></span> <span class='ocrx_word' id='word_1_344' title='bbox 2584 3547 2652 3611; x_wconf 91' lang='lat' dir='ltr'><strong>S.</strong></span> 
     </span>
     <span class='ocr_line' id='line_1_38' title="bbox 118 3624 2664 3723; baseline 0.004 -33"><span class='ocrx_word' id='word_1_345' title='bbox 118 3624 353 3723; x_wconf 69' lang='lat' dir='ltr'><strong>Clarae,</strong></span> <span class='ocrx_word' id='word_1_346' title='bbox 391 3631 683 3720; x_wconf 81' lang='lat' dir='ltr'><strong>ejusque</strong></span> <span class='ocrx_word' id='word_1_347' title='bbox 712 3630 920 3719; x_wconf 88' lang='lat' dir='ltr'><strong>capiti</strong></span> <span class='ocrx_word' id='word_1_348' title='bbox 970 3631 1120 3701; x_wconf 89' lang='lat' dir='ltr'><strong>suis</strong></span> <span class='ocrx_word' id='word_1_349' title='bbox 1170 3631 1495 3702; x_wconf 88' lang='lat' dir='ltr'><strong>manibus</strong></span> <span class='ocrx_word' id='word_1_350' title='bbox 1544 3631 1772 3701; x_wconf 90' lang='lat' dir='ltr'><strong>velum</strong></span> <span class='ocrx_word' id='word_1_351' title='bbox 1810 3632 2142 3722; x_wconf 88' lang='lat' dir='ltr'><strong>imposuit</strong></span> <span class='ocrx_word' id='word_1_352' title='bbox 2189 3643 2254 3701; x_wconf 90' lang='lat' dir='ltr'><strong>et</strong></span> <span class='ocrx_word' id='word_1_353' title='bbox 2299 3653 2454 3701; x_wconf 91' lang='lat' dir='ltr'><strong>eam</strong></span> <span class='ocrx_word' id='word_1_354' title='bbox 2496 3629 2664 3700; x_wconf 89' lang='lat' dir='ltr'><strong>fune</strong></span> 
     </span>
     <span class='ocr_line' id='line_1_39' title="bbox 115 3718 2666 3807; baseline 0.003 -27"><span class='ocrx_word' id='word_1_355' title='bbox 115 3734 407 3805; x_wconf 77' lang='lat' dir='ltr'><strong>cingens,</strong></span> <span class='ocrx_word' id='word_1_356' title='bbox 442 3731 653 3804; x_wconf 89' lang='lat' dir='ltr'><strong>atque</strong></span> <span class='ocrx_word' id='word_1_357' title='bbox 698 3718 905 3787; x_wconf 88' lang='lat' dir='ltr'><strong>etiam</strong></span> <span class='ocrx_word' id='word_1_358' title='bbox 954 3741 1393 3800; x_wconf 81' lang='lat' dir='ltr'><strong>consecrans,</strong></span> <span class='ocrx_word' id='word_1_359' title='bbox 1451 3719 2023 3807; x_wconf 78' lang='lat' dir='ltr'><strong>Abbatissamque</strong></span> <span class='ocrx_word' id='word_1_360' title='bbox 2070 3720 2500 3790; x_wconf 89' lang='lat' dir='ltr'><strong>constituens</strong></span> <span class='ocrx_word' id='word_1_361' title='bbox 2546 3740 2666 3788; x_wconf 91' lang='lat' dir='ltr'><strong>ea·-</strong></span> 
     </span>
     <span class='ocr_line' id='line_1_40' title="bbox 117 3805 2660 3897; baseline 0.004 -32"><span class='ocrx_word' id='word_1_362' title='bbox 117 3822 251 3872; x_wconf 81' lang='lat' dir='ltr'><strong>rum</strong></span> <span class='ocrx_word' id='word_1_363' title='bbox 288 3807 607 3875; x_wconf 91' lang='lat' dir='ltr'><strong>omnium</strong></span> <span class='ocrx_word' id='word_1_364' title='bbox 669 3807 1304 3877; x_wconf 88' lang='lat' dir='ltr'><strong>sanctimonialium</strong></span> <span class='ocrx_word' id='word_1_365' title='bbox 1349 3830 1525 3895; x_wconf 90' lang='lat' dir='ltr'><strong>quas</strong></span> <span class='ocrx_word' id='word_1_366' title='bbox 1579 3807 1736 3897; x_wconf 88' lang='lat' dir='ltr'><strong>ipsa</strong></span> <span class='ocrx_word' id='word_1_367' title='bbox 1786 3808 2240 3878; x_wconf 89' lang='lat' dir='ltr'><strong>reformatura</strong></span> <span class='ocrx_word' id='word_1_368' title='bbox 2294 3818 2497 3887; x_wconf 89' lang='lat' dir='ltr'><strong>esset,</strong></span> <span class='ocrx_word' id='word_1_369' title='bbox 2555 3805 2660 3878; x_wconf 88' lang='lat' dir='ltr'><strong>vel</strong></span> 
     </span>
     <span class='ocr_line' id='line_1_41' title="bbox 116 3894 2657 3984; baseline 0.002 -25"><span class='ocrx_word' id='word_1_370' title='bbox 116 3909 271 3973; x_wconf 85' lang='lat' dir='ltr'><strong>quae</strong></span> <span class='ocrx_word' id='word_1_371' title='bbox 298 3895 434 3964; x_wconf 89' lang='lat' dir='ltr'><strong>sub</strong></span> <span class='ocrx_word' id='word_1_372' title='bbox 480 3917 564 3964; x_wconf 88' lang='lat' dir='ltr'><strong>ea</strong></span> <span class='ocrx_word' id='word_1_373' title='bbox 596 3915 669 3964; x_wconf 89' lang='lat' dir='ltr'><strong>se</strong></span> <span class='ocrx_word' id='word_1_374' title='bbox 717 3894 961 3965; x_wconf 86' lang='lat' dir='ltr'><strong>darent</strong></span> <span class='ocrx_word' id='word_1_375' title='bbox 994 3897 1167 3966; x_wconf 90' lang='lat' dir='ltr'><strong>vitae</strong></span> <span class='ocrx_word' id='word_1_376' title='bbox 1204 3896 1624 3967; x_wconf 84' lang='lat' dir='ltr'><strong>monasticae</strong></span> <span class='ocrx_word' id='word_1_377' title='bbox 1651 3918 1863 3984; x_wconf 90' lang='lat' dir='ltr'><strong>quam</strong></span> <span class='ocrx_word' id='word_1_378' title='bbox 1896 3897 2351 3966; x_wconf 88' lang='lat' dir='ltr'><strong>Clarissarum</strong></span> <span class='ocrx_word' id='word_1_379' title='bbox 2387 3908 2657 3966; x_wconf 89' lang='lat' dir='ltr'><strong>vocant.</strong></span> 
     </span>
     <span class='ocr_line' id='line_1_42' title="bbox 120 3978 2663 4076; baseline 0.002 -29"><span class='ocrx_word' id='word_1_380' title='bbox 120 3978 195 4046; x_wconf 72' lang='lat' dir='ltr'><strong>Ad</strong></span> <span class='ocrx_word' id='word_1_381' title='bbox 238 3998 626 4052; x_wconf 80' lang='lat' dir='ltr'><strong>extremum</strong></span> <span class='ocrx_word' id='word_1_382' title='bbox 674 3983 984 4054; x_wconf 89' lang='lat' dir='ltr'><strong>hortatus</strong></span> <span class='ocrx_word' id='word_1_383' title='bbox 1030 3998 1133 4054; x_wconf 90' lang='lat' dir='ltr'><strong>est</strong></span> <span class='ocrx_word' id='word_1_384' title='bbox 1178 4006 1374 4066; x_wconf 90' lang='lat' dir='ltr'><strong>eam,</strong></span> <span class='ocrx_word' id='word_1_385' title='bbox 1428 3999 1504 4054; x_wconf 91' lang='lat' dir='ltr'><strong>ut</strong></span> <span class='ocrx_word' id='word_1_386' title='bbox 1556 3984 1933 4075; x_wconf 88' lang='lat' dir='ltr'><strong>prudenter</strong></span> <span class='ocrx_word' id='word_1_387' title='bbox 1990 3998 2260 4076; x_wconf 89' lang='lat' dir='ltr'><strong>ageret,</strong></span> <span class='ocrx_word' id='word_1_388' title='bbox 2329 3997 2481 4055; x_wconf 93' lang='lat' dir='ltr'><strong>vota</strong></span> <span class='ocrx_word' id='word_1_389' title='bbox 2528 3989 2663 4053; x_wconf 93' lang='lat' dir='ltr'><strong>Deo</strong></span> 
     </span>
     <span class='ocr_line' id='line_1_43' title="bbox 123 4070 2663 4164; baseline 0.004 -33"><span class='ocrx_word' id='word_1_390' title='bbox 123 4084 503 4161; x_wconf 88' lang='lat' dir='ltr'><strong>nuncupata</strong></span> <span class='ocrx_word' id='word_1_391' title='bbox 555 4070 849 4142; x_wconf 83' lang='lat' dir='ltr'><strong>fideliter</strong></span> <span class='ocrx_word' id='word_1_392' title='bbox 900 4083 1293 4162; x_wconf 89' lang='lat' dir='ltr'><strong>praestaret,</strong></span> <span class='ocrx_word' id='word_1_393' title='bbox 1349 4085 1555 4160; x_wconf 91' lang='lat' dir='ltr'><strong>atque</strong></span> <span class='ocrx_word' id='word_1_394' title='bbox 1604 4095 1879 4163; x_wconf 88' lang='lat' dir='ltr'><strong>semper</strong></span> <span class='ocrx_word' id='word_1_395' title='bbox 1935 4074 2165 4164; x_wconf 88' lang='lat' dir='ltr'><strong>seipsa</strong></span> <span class='ocrx_word' id='word_1_396' title='bbox 2207 4073 2456 4144; x_wconf 87' lang='lat' dir='ltr'><strong>melior</strong></span> <span class='ocrx_word' id='word_1_397' title='bbox 2513 4072 2663 4142; x_wconf 86' lang='lat' dir='ltr'><strong>fieri</strong></span> 
     </span>
     <span class='ocr_line' id='line_1_44' title="bbox 124 4160 2664 4254; baseline 0.004 -34"><span class='ocrx_word' id='word_1_398' title='bbox 124 4173 484 4229; x_wconf 79' lang='lat' dir='ltr'><strong>conaretur.</strong></span> <span class='ocrx_word' id='word_1_399' title='bbox 539 4160 801 4230; x_wconf 87' lang='lat' dir='ltr'><strong>Obtulit</strong></span> <span class='ocrx_word' id='word_1_400' title='bbox 832 4182 1108 4249; x_wconf 92' lang='lat' dir='ltr'><strong>quoque</strong></span> <span class='ocrx_word' id='word_1_401' title='bbox 1152 4160 1216 4231; x_wconf 92' lang='lat' dir='ltr'><strong>ei</strong></span> <span class='ocrx_word' id='word_1_402' title='bbox 1257 4161 1633 4232; x_wconf 88' lang='lat' dir='ltr'><strong>liberaliter</strong></span> <span class='ocrx_word' id='word_1_403' title='bbox 1679 4162 1767 4230; x_wconf 92' lang='lat' dir='ltr'><strong>ad</strong></span> <span class='ocrx_word' id='word_1_404' title='bbox 1815 4161 2053 4232; x_wconf 88' lang='lat' dir='ltr'><strong>omnia</strong></span> <span class='ocrx_word' id='word_1_405' title='bbox 2090 4184 2292 4254; x_wconf 92' lang='lat' dir='ltr'><strong>opem</strong></span> <span class='ocrx_word' id='word_1_406' title='bbox 2351 4182 2550 4233; x_wconf 91' lang='lat' dir='ltr'><strong>suam</strong></span> <span class='ocrx_word' id='word_1_407' title='bbox 2596 4170 2664 4231; x_wconf 89' lang='lat' dir='ltr'><strong>et</strong></span> 
     </span>
     <span class='ocr_line' id='line_1_45' title="bbox 126 4244 2665 4341; baseline 0.004 -32"><span class='ocrx_word' id='word_1_408' title='bbox 126 4244 518 4318; x_wconf 83' lang='lat' dir='ltr'><strong>confessario</strong></span> <span class='ocrx_word' id='word_1_409' title='bbox 564 4247 717 4336; x_wconf 89' lang='lat' dir='ltr'><strong>ejus</strong></span> <span class='ocrx_word' id='word_1_410' title='bbox 762 4270 914 4338; x_wconf 85' lang='lat' dir='ltr'><strong>eam</strong></span> <span class='ocrx_word' id='word_1_411' title='bbox 962 4251 1487 4331; x_wconf 90' lang='lat' dir='ltr'><strong>commendans,</strong></span> <span class='ocrx_word' id='word_1_412' title='bbox 1531 4249 1746 4341; x_wconf 89' lang='lat' dir='ltr'><strong>jussit</strong></span> <span class='ocrx_word' id='word_1_413' title='bbox 1799 4272 1884 4320; x_wconf 90' lang='lat' dir='ltr'><strong>ne</strong></span> <span class='ocrx_word' id='word_1_414' title='bbox 1932 4271 2245 4339; x_wconf 89' lang='lat' dir='ltr'><strong>unquam</strong></span> <span class='ocrx_word' id='word_1_415' title='bbox 2297 4250 2488 4319; x_wconf 91' lang='lat' dir='ltr'><strong>illam</strong></span> <span class='ocrx_word' id='word_1_416' title='bbox 2539 4248 2665 4318; x_wconf 89' lang='lat' dir='ltr'><strong>de-</strong></span> 
     </span>
     <span class='ocr_line' id='line_1_46' title="bbox 132 4337 2664 4424; baseline 0.002 -22"><span class='ocrx_word' id='word_1_417' title='bbox 132 4348 393 4406; x_wconf 82' lang='lat' dir='ltr'><strong>sereret:</strong></span> <span class='ocrx_word' id='word_1_418' title='bbox 424 4337 729 4424; x_wconf 88' lang='lat' dir='ltr'><strong>denique</strong></span> <span class='ocrx_word' id='word_1_419' title='bbox 776 4359 972 4409; x_wconf 88' lang='lat' dir='ltr'><strong>suam</strong></span> <span class='ocrx_word' id='word_1_420' title='bbox 1003 4339 1067 4408; x_wconf 89' lang='lat' dir='ltr'><strong>ei</strong></span> <span class='ocrx_word' id='word_1_421' title='bbox 1098 4349 1164 4408; x_wconf 89' lang='lat' dir='ltr'><strong>et</strong></span> <span class='ocrx_word' id='word_1_422' title='bbox 1191 4338 1521 4409; x_wconf 89' lang='lat' dir='ltr'><strong>omnibus</strong></span> <span class='ocrx_word' id='word_1_423' title='bbox 1560 4338 1829 4411; x_wconf 90' lang='lat' dir='ltr'><strong>itineris</strong></span> <span class='ocrx_word' id='word_1_424' title='bbox 1872 4338 2079 4410; x_wconf 88' lang='lat' dir='ltr'><strong>sociis</strong></span> <span class='ocrx_word' id='word_1_425' title='bbox 2110 4338 2664 4410; x_wconf 86' lang='lat' dir='ltr'><strong>benedictionem</strong></span> 
     </span>
    </p>

    <p class='ocr_par' dir='ltr' id='par_1_4' title="bbox 172 4449 1998 4509">
     <span class='ocr_line' id='line_1_47' title="bbox 172 4449 1998 4509; baseline 0.001 -14"><span class='ocrx_word' id='word_1_426' title='bbox 172 4449 193 4472; x_wconf 79' lang='lat'>⁸</span> <span class='ocrx_word' id='word_1_427' title='bbox 217 4449 380 4496; x_wconf 51' lang='grc' dir='ltr'><strong>δέκα</strong></span> <span class='ocrx_word' id='word_1_428' title='bbox 399 4453 459 4496; x_wconf 70' lang='lat' dir='ltr'><strong>nd</strong></span> <span class='ocrx_word' id='word_1_429' title='bbox 479 4453 658 4497; x_wconf 67' lang='lat' dir='ltr'><strong>vntum</strong></span> <span class='ocrx_word' id='word_1_430' title='bbox 672 4454 873 4506; x_wconf 63' lang='lat' dir='ltr'><strong>degebat</strong></span> <span class='ocrx_word' id='word_1_431' title='bbox 893 4456 1005 4497; x_wconf 76' lang='lat' dir='ltr'><strong>tuno</strong></span> <span class='ocrx_word' id='word_1_432' title='bbox 1024 4457 1324 4499; x_wconf 66' lang='lat' dir='ltr'><strong>Benedictus.</strong></span> <span class='ocrx_word' id='word_1_433' title='bbox 1351 4456 1532 4509; x_wconf 65' lang='lat' dir='ltr'><strong>Agebat</strong></span> <span class='ocrx_word' id='word_1_434' title='bbox 1547 4457 1714 4500; x_wconf 66' lang='lat' dir='ltr'><strong>colet·</strong></span> <span class='ocrx_word' id='word_1_435' title='bbox 1732 4465 1911 4500; x_wconf 65' lang='lat' dir='ltr'><strong>annum</strong></span> <span class='ocrx_word' id='word_1_436' title='bbox 1929 4456 1998 4499; x_wconf 77' lang='lat'><strong>28.</strong></span> 
     </span>
    </p>
   </div>
  </div>
 </body>
</html>
