3327 4999
257 375 494 443 MART.
551 381 635 445 >¹2
1212 408 1292 456 nn
1339 410 1395 457 s.
1450 410 1824 461 rnnornANr.
2576 417 2704 481 259

252 479 423 565 quod
491 480 593 550 illi
660 483 747 554 ab
818 485 966 575 ipso
1030 489 1161 558 ocii
1218 491 1606 581 quietisque
1659 500 1879 589 gratia
1941 501 2272 576 donatum
2339 510 2584 586 fuerat.
2652 523 2792 590 Hoc

255 567 317 635 in
368 568 515 639 loco
564 573 886 642 manibus
937 577 1086 666 ejus
1122 581 1461 661 tondetur,
1503 584 1717 656 immo
1764 610 1921 659 vero
1968 610 2431 683 consecratur,
2494 605 2788 677 hostiam

254 656 531 728 offerens
562 660 787 731 hostia
817 666 1036 734 sancti
1084 672 1278 738 Isaac
1324 672 1542 742 multo
1590 678 2029 750 sacratiorem
2063 707 2079 750 :
2135 685 2476 773 siquidem
2513 697 2792 783 gravius

251 748 661 818 censendum
695 762 818 829 est,
854 754 1036 853 quod
1067 756 1411 829 voluntate
1445 761 1543 843 fit,
1587 785 1800 850 quam
1835 769 2016 855 quod
2047 788 2314 860 praeter
2339 779 2782 868 voluntatem,

252 845 312 901 et
340 834 405 903 id
436 837 618 922 quod
666 839 1041 928 perficltur,
1098 866 1176 914 eo
1226 849 1408 933 quod
1451 872 1588 919 non
1626 853 2002 942 perficitur.
2044 860 2191 932 Illic
2227 868 2587 941 mansione
2624 895 2787 963 pro-

251 922 414 1011 priis
460 928 857 1016 sumptibus
894 944 1311 1016 constructa,
1367 949 1432 1007 et
1480 940 1720 1011 multis
1760 947 2168 1021 muneribus
2218 970 2565 1041 exornata,
2636 963 2790 1052 ejus

248 1013 581 1098 permissu
627 1027 691 1085 et
738 1016 1085 1090 voluntate
1131 1022 1214 1091 ad
1261 1025 1591 1109 insulam,
1645 1052 1853 1117 quam
1898 1036 2349 1127 Calonymum
2403 1064 2669 1133 vocant,
2707 1074 2779 1121 se

243 1101 546 1181 contulit,
602 1115 668 1172 et
715 1107 1105 1194 praedium,
1146 1113 1330 1197 quod
1379 1114 1448 1183 in
1482 1137 1578 1186 ea
1676 1132 1991 1192 aternum
2048 1126 2362 1213 habebat,
2417 1134 2489 1204 in
2541 1160 2781 1208 mona-

241 1190 521 1258 sterium
563 1197 1032 1279 commutavit,
1070 1199 1238 1270 viris
1285 1202 1355 1272 in
1406 1205 1611 1276 solitu
1668 1208 1779 1278 ine
1826 1212 2236 1303 degentibus
2282 1243 2364 1291 ex
2413 1224 2773 1309 Theodori,

236 1297 437 1362 quem
488 1281 1078 1357 Monocherarium
1115 1290 1490 1380 appellant,
1535 1302 1951 1370 monasterio
1982 1311 2441 1405 congregatis.
2475 1320 2782 1396 Quantae

234 1380 459 1436 autem
496 1368 767 1439 virtutis
799 1388 997 1455 esset,
1038 1376 1139 1446 vel
1174 1378 1357 1470 vulgi
1397 1385 1834 1473 proverbium
1886 1389 2085 1462 facile
2133 1396 2414 1470 ludicat.
2455 1404 2576 1473 His
2616 1406 2780 1478 viris

230 1458 631 1526 monasterii
679 1461 927 1531 tradita
976 1464 1496 1553 gubernatione,
1542 1475 1998 1566 omniumque
2065 1486 2552 1582 probatissimo
2600 1494 2778 1566 duce

162 1544 173 1555 ‘
225 1542 573 1615 declarato
604 1601 620 1623 ,
672 1548 1101 1622 obedientiae
1175 1560 1527 1648 exemplar
1573 1563 1879 1655 seipsum
1930 1569 2290 1644 exhibuit:
2347 1589 2533 1650 tanta
2590 1583 2776 1653 enim

223 1634 619 1721 praestabat
666 1636 1080 1722 humilitate,
1127 1657 1204 1713 ut
1242 1645 1537 1719 aliorum
1590 1654 1857 1724 nemini
1902 1678 2443 1750 compararetur.
2501 1671 2611 1741 Sic
2650 1696 2776 1743 au-

224 1733 352 1790 tem
409 1744 483 1791 se
532 1727 906 1808 exercebat,
963 1744 1167 1817 atque
1217 1734 1412 1805 humi
1460 1740 1779 1823 cubabat,
1836 1759 1912 1814 ut
1959 1746 2164 1839 longo
2213 1775 2453 1825 omnes
2505 1774 2654 1849 post
2703 1784 2774 1834 se

220 1810 644 1897 relinqueret
691 1814 1071 1888 intervallo.
1155 1823 1556 1897 Divinorum
1606 1829 1942 1903 librorum
1997 1836 2273 1910 lectioni
2323 1846 2601 1917 assidue
2667 1851 2772 1920 in-

223 1899 617 1981 cumbebat,
675 1924 927 1990 eosque
975 1929 1112 1978 non
1161 1911 1467 1983 humana
1515 1916 1933 2008 disciplina,
1992 1926 2108 1995 sed
2160 1928 2393 2002 labore
2437 1951 2771 2027 perpetuo

213 1999 276 2055 et
320 1988 563 2057 divina
610 1991 831 2081 gratia
882 1994 1084 2085 plane
1133 1998 1580 2093 intelligebat.
1646 2013 1919 2079 Noctem
1984 2019 2331 2103 precando
2392 2044 2761 2097 consume-

213 2075 349 2155 bat,
387 2089 460 2146 et
507 2100 665 2147 cum
718 2080 1005 2165 Christo,
1043 2108 1246 2173 quem
1297 2094 1595 2181 optabat,
1635 2099 2057 2183 versabatur,
2105 2117 2170 2174 et
2216 2107 2760 2185 benevolentiam

210 2164 358 2253 ejus
412 2165 547 2235 sibi
597 2169 1028 2242 conciliabat.
1085 2180 1390 2265 Cumque
1437 2181 1769 2254 adversus
1816 2187 2187 2265 daemones
2234 2208 2298 2266 et
2344 2202 2759 2290 cupiditates

210 2267 574 2344 pugnaret,
632 2258 820 2328 mitis
868 2283 946 2329 ac
1008 2278 1408 2337 mansuetus
1454 2271 1804 2356 omnibuS,
1860 2289 1936 2347 ut
1982 2278 2154 2349 alter
2200 2289 2438 2370 Moses,
2476 2291 2757 2363 videba-

210 2352 340 2410 tur.
395 2348 657 2412 Rerum
710 2357 1132 2421 terrenarum
1181 2356 1630 2444 cupiditatem
1666 2362 1766 2431 sic
1797 2364 2157 2455 abjecerat,
2195 2386 2271 2443 ut
2302 2375 2558 2449 divinis
2592 2394 2744 2451 tan-

207 2440 349 2497 tum
399 2446 703 2505 vacaret.
757 2440 1024 2520 Quanta
1073 2464 1276 2532 porro
1341 2444 1739 2520 fortitudine
1786 2468 1963 2525 esset
2009 2480 2086 2527 ac
2137 2468 2632 2553 temperantia,
2687 2483 2753 2542 et

203 2534 635 2611 quantopere
669 2526 1041 2618 negligeret
1079 2532 1469 2624 dignitateS,
1505 2549 1805 2611 extrema
1853 2544 2074 2635 ipsius
2124 2559 2430 2643 tempora
2478 2560 2754 2648 potissi-

201 2630 393 2678 mum
449 2610 877 2685 indicarunt.
1512 2673 1515 2676 ι

285 2700 323 2783 ξ
371 2704 538 2771 1⁰.
593 2705 733 2771 Hoc
785 2703 994 2795 igitur
1039 2706 1409 2783 virtutibus
1455 2717 1762 2801 florente,
1818 2727 2216 2796 monasterii
2246 2733 2635 2806 Praefectus
2665 2739 2751 2808 ab

199 2784 325 2854 hac
362 2789 646 2857 mortali
694 2791 829 2860 vita
877 2794 1192 2868 discessit
1239 2801 1325 2870 ad
1378 2802 1861 2880 immortalem.
1902 2816 2153 2885 Omnes
2179 2831 2406 2889 autem
2444 2823 2529 2892 ad
2564 2825 2748 2898 hunc

199 2890 697 2947 concurrentes
735 2893 799 2950 et
841 2881 1299 2972 lacrymantes
1329 2893 1836 2983 supplicabant,
1881 2913 1956 2970 ut
1999 2902 2132 2972 sibi
2177 2929 2488 2995 praeesse
2527 2913 2746 2998 vellet,

194 2976 259 3032 et
308 2987 584 3045 eorum,
626 2967 802 3038 inter
830 2993 1004 3058 quos
1052 2973 1207 3045 licet
1253 2990 1631 3052 extremum
1670 2985 1898 3057 locum
1932 3002 2211 3078 teneret,
2247 2997 2617 3072 virtutibus
2650 3015 2751 3073 ta-

196 3073 351 3123 men
403 3065 473 3123 et
524 3053 722 3126 sactis
770 3060 1263 3154 praefulgebat,
1303 3068 1509 3138 saluti
1560 3073 1758 3145 vellet
1794 3079 2177 3151 consulere.
2235 3086 2362 3155 Sed
2424 3091 2740 3162 animum

193 3141 346 3227 eius
398 3165 679 3214 movere
720 3169 853 3217 non
905 3163 1297 3239 potuerunt,
1351 3158 1471 3243 qui
1511 3160 1578 3227 in
1635 3164 1838 3235 rebus
1871 3167 2153 3257 abjectis
2186 3194 2265 3243 ac
2295 3176 2552 3250 vilibus
2583 3204 2749 3252 con-

190 3230 515 3301 stituerat
547 3254 969 3320 permanere:
1004 3253 1069 3309 et
1114 3255 1372 3328 quanto
1420 3248 1787 3321 sublimior
1834 3255 2081 3327 virtute
2129 3261 2518 3347 tollebatur,
2562 3281 2747 3341 tanto

185 3340 259 3387 se
296 3321 587 3409 gerebat
635 3323 1076 3398 submissius,
1119 3336 1252 3402 Res
1287 3334 1471 3408 enim
1522 3359 1762 3410 omnes
1805 3346 2126 3417 mortales
2175 3372 2299 3440 pro
2348 3355 2567 3425 nihilo
2617 3359 2747 3428 du-

185 3408 405 3479 cebat.
466 3411 799 3482 Baculum
858 3415 1070 3506 igitur
1116 3419 1187 3488 in
1239 3435 1525 3498 manum
1576 3449 1884 3513 sumenS,
1938 3447 2002 3504 et
2051 3459 2172 3527 spe
2219 3439 2290 3509 in
2364 3444 2785 3530 Christum,·

184 3497 295 3566 cui
360 3521 490 3588 per
538 3521 814 3571 omnem
864 3506 1070 3607 vitam
1124 3508 1405 3582 iunixus
1453 3512 1697 3599 fuerat,
1750 3520 1923 3590 bene
1962 3537 2294 3605 armatus,
2348 3531 2434 3600 ad
2486 3535 2744 3637 Sigria-

187 4203 409 4291 seipso
463 4210 711 4281 melior
757 4214 1074 4298 evadenS‚
1114 4232 1179 4289 et
1214 4242 1393 4307 quae
1423 4238 1600 4297 retro
1633 4244 1797 4299 sunt
1826 4233 1934 4321 (ut
1965 4239 2264 4326 Apostoli
2293 4244 2519 4313 verbis
2546 4247 2731 4336 utar)

186 4289 621 4379 obliviscens,
676 4302 759 4369 ad
814 4304 1101 4376 meliora
1147 4313 1623 4386 contendebat.
1679 4324 1907 4406 Neque
1952 4325 2136 4393 enim
2187 4329 2353 4400 satis
2399 4355 2548 4404 esse
2594 4335 2725 4403 du-

184 4378 374 4451 cebat
421 4387 492 4453 in
532 4391 880 4479 proposito
977 4417 1367 4469 ermanere:
1423 4403 1636 4475 immo
1686 4429 1822 4476 non
1873 4412 2219 4486 mediocre
2266 4418 2601 4493 damnum
2653 4446 2724 4491 e-

178 4466 616 4557 xistimabat,
670 4478 727 4549 si
792 4484 1215 4570 proiciendo
1278 4509 1413 4558 non
1466 4495 2010 4585 progrederetur.
2084 4507 2319 4579 Comes
2380 4523 2607 4580 autem
2658 4525 2722 4580 et
