3327 4999
208 302 458 372 MART.
508 304 594 371 25
886 291 943 372 s.
994 321 1229 373 Josnrn
1278 324 1580 376 vmcnmu
1628 326 2055 379 rznmsrssn
2541 313 2672 379 465

205 407 301 473 Ea
346 402 629 491 quidem
678 403 828 477 viva
878 405 1100 494 potuit
1132 427 1304 489 esse,
1340 406 1459 477 sed
1508 407 1894 500 repudiata,
1925 419 2002 479 ut
2030 408 2176 480 vult
2205 408 2754 499 chrysostomus:

202 492 385 573 vide,
422 492 707 563 obsecro
751 493 1100 581 quomodo
1150 495 1219 564 id
1269 517 1573 567 asserere
1603 498 1865 589 possis:
1921 510 2067 567 tum
2115 498 2280 585 quia
2328 520 2464 570 non
2512 520 2761 571 conve-

203 582 309 650 nit
366 580 513 681 viro
550 583 763 673 justo,
815 583 1210 673 cujusmodi
1258 597 1402 654 erat
1454 587 1737 677 Joseph,
1791 586 2158 677 Evangelio
2208 598 2395 669 teste,
2449 599 2760 658 sanctam

203 670 569 770 mulierem
620 693 798 759 quae
844 671 1171 742 continue
1219 673 1591 744 Dominum
1627 674 2043 762 sequebatur
2083 675 2490 745 ministrans
2517 677 2603 758 ei,
2661 699 2764 747 re-

205 759 546 849 pudiare:
602 770 750 831 tum
781 760 969 847 quia,
1025 764 1106 830 ea
1138 762 1369 832 adhuc
1407 764 1694 843 vivente,
1750 763 2040 832 minime
2095 764 2365 834 beatam
2416 765 2764 856 Virginem

206 864 747 1006 sororembsuam
797 849 1049 921 habere
1098 851 1449 939 potuisset,
1503 865 1579 922 ut
1621 853 1696 920 in
1748 851 2061 938 sequenti
2111 852 2423 923 membro
2489 853 2782 923 eviden--

206 949 312 1007 ter
351 946 505 1028 pate
557 950 630 1007 1t.

297 1028 337 1113 ἓ
381 1030 539 1099 lo.
595 1027 788 1096 Dices
855 1027 1183 1098 forsitan:
1248 1030 1497 1099 Ambas
1542 1029 1799 1119 Joseph
1848 1051 1989 1101 uno
2034 1029 2413 1117 eodemque
2463 1042 2768 1120 tempore

207 1135 456 1186 uxores
501 1114 767 1196 habuit,
824 1116 1108 1186 Mariam
1156 1117 1417 1188 scilicet
1476 1118 1748 1187 Domini
1816 1130 2103 1189 matrem
2152 1132 2217 1188 et
2265 1119 2548 1189 Mariam
2599 1119 2769 1188 alte-

211 1225 366 1276 ram
411 1224 714 1274 sororem
748 1203 921 1292 ejus.
968 1209 1108 1275 Hoc
1139 1206 1354 1275 simili
1404 1205 1605 1276 modo
1638 1205 2081 1278 mendacium
2115 1228 2265 1278 esse
2298 1206 2759 1288 convincitur,

211 1292 334 1364 sed
382 1303 448 1363 et
492 1292 830 1363 insulsius
892 1294 1118 1383 primo
1165 1294 1371 1366 dicto.
1427 1299 1594 1365 Nam
1645 1294 1802 1365 licet
1861 1295 2075 1366 Jacob
2146 1296 2543 1366 Patriarcha
2591 1296 2770 1366 duas

212 1380 426 1452 simul
479 1403 721 1452 uxores
761 1381 1102 1465 habuerit,
1157 1383 1348 1453 Liam
1406 1397 1470 1453 et
1534 1384 1938 1464 Rachelem,
1996 1385 2125 1453 hoc
2176 1395 2342 1455 tunc
2405 1407 2488 1454 ex
2534 1385 2774 1454 divina

263 1469 696 1552 ermissione,
762 1482 883 1541 aut
928 1472 1136 1541 etiam
1184 1475 1240 1543 si
1296 1471 1693 1542 nificatione
1752 1471 2010 1542 factum
2073 1486 2197 1542 est.
2253 1473 2773 1563 Praesignifica-

264 1570 422 1630 atur
466 1558 654 1628 enim
705 1559 775 1627 in
838 1560 1115 1632 duabus
1188 1560 1235 1629 il
1272 1561 1329 1630 is
1378 1561 1734 1632 sororibus
1808 1560 2230 1632 Judaeorum
2295 1566 2657 1653 Synagoga
2707 1574 2775 1631 et

213 1646 521 1718 Ecclesia
566 1646 652 1716 de
684 1647 1006 1738 gentibus
1054 1649 1562 1740 congreganda,
1618 1650 1761 1721 sive
1794 1649 2015 1720 activa
2059 1650 2196 1720 vita
2240 1662 2305 1720 et
2351 1651 2774 1741 contempla-

216 1737 375 1806 tiva.
430 1735 622 1819 Quod
673 1736 735 1806 si
781 1735 1067 1809 fortasse
1114 1738 1184 1806 in
1235 1738 1392 1808 aliis
1468 1760 1745 1826 quoque
1791 1737 2050 1808 factum
2112 1737 2326 1808 fuisse
2395 1739 2778 1829 reperiatur

214 1824 399 1912 quod
450 1822 642 1895 haud
688 1824 890 1895 eredo
938 1824 1138 1896 facile
1167 1826 1433 1897 ostendi
1485 1849 1708 1916 posse:
1747 1826 1815 1895 id
1850 1848 2072 1914 usque
2118 1827 2205 1896 ad
2241 1827 2412 1927 legis
2444 1828 2775 1897 mosaicae

219 1912 845 2004 promulgationem
895 1914 1132 1984 licuit:
1185 1920 1263 1984 At
1301 1918 1384 1985 ea
1416 1914 1576 1996 lata,
1633 1916 1944 1985 minime:
1980 1916 2194 1984 immo
2220 1937 2342 2002 qui
2374 1916 2443 1985 id
2491 1916 2767 1997 faceret,

217 2001 628 2072 mandatum
667 2013 770 2073 est
809 2001 956 2073 tolli
1004 2004 1089 2073 de
1136 2003 1365 2074 medio
1406 2002 1647 2094 populi
1701 2004 1834 2073 sui.
1889 2003 2166 2073 Addueo
2215 2016 2444 2075 autem
2498 2004 2620 2075 tibi
2668 2003 2778 2073 di-

216 2090 450 2159 vinam
509 2090 735 2180 ipsam
798 2090 1045 2191 legem,
1113 2091 1370 2162 factum
1439 2092 1567 2162 hoc
1615 2092 1902 2163 omnino
1971 2091 2401 2163 inhibentem
2449 2114 2628 2180 quae
2674 2105 2778 2164 est

218 2178 647 2270 hujusmodi,
703 2178 978 2251 Levitlci
1028 2186 1133 2250 18.
1190 2187 1503 2250 Sororem
1551 2180 1784 2250 uxoris
1826 2192 1981 2250 tuae
2007 2180 2078 2249 iu
2178 2181 2529 2251 ellicatum
2580 2180 2774 2251 illius

218 2289 360 2337 non
394 2267 717 2367 accipies,
753 2290 880 2339 nec
927 2269 1260 2341 revelabis
1297 2269 1801 2359 turpitudinem
1832 2269 2005 2359 ejus,
2042 2269 2130 2338 ad
2187 2292 2274 2340 uc
2321 2269 2445 2342 illa
2484 2269 2773 2354 vivente;

220 2355 325 2424 vel
357 2367 435 2426 ut
464 2355 584 2426 alii
632 2357 910 2448 legunt:
964 2379 1248 2429 uxorem
1289 2380 1451 2428 cum
1503 2379 1735 2428 sorore
1780 2358 1933 2448 ejus
1983 2379 2119 2428 non
2184 2358 2480 2447 accipies
2518 2357 2606 2429 ad
2663 2380 2778 2428 ae-

222 2443 699 2527 mulationem,
756 2446 856 2517 vel
907 2445 994 2517 ad
1068 2445 1592 2518 lacessendum:
1641 2452 1896 2547 Nempe
1945 2446 2124 2517 sicut
2185 2446 2528 2519 faciebant
2594 2446 2776 2518 duae

220 2556 468 2605 uxores
512 2535 749 2617 Jacob,
802 2556 980 2622 quae
1028 2559 1282 2627 magna
1330 2536 1506 2606 inter
1536 2557 1608 2605 se
1654 2537 1742 2605 ob
1773 2557 1996 2604 virum
2033 2536 2366 2607 ardebant
2403 2536 2766 2627 zelotypia.

220 2627 439 2706 Quam
490 2622 712 2714 legem
761 2622 1168 2724 Hesychius,
1225 2624 1676 2715 Radulphus,
1732 2624 2116 2712 caeterique
2180 2624 2338 2695 libri
2415 2625 2608 2696 illius
2655 2647 2771 2694 ex·

218 2711 576 2803 positoreS,
629 2711 715 2781 de
762 2734 841 2782 eo
888 2712 1286 2804 intelligunt
1331 2713 1452 2800 qui
1504 2713 1702 2783 uxori
1763 2713 1975 2783 simul
2031 2725 2096 2782 et
2141 2713 2293 2802 ejus
2343 2713 2561 2784 sorori
2601 2714 2772 2803 jun-

219 2811 446 2892 gatur,
499 2800 593 2870 ita
624 2811 704 2871 ut
749 2800 925 2870 duas
958 2823 1226 2872 sorores
1258 2802 1513 2960 Rariter
1545 2823 1792 2873 uxores
1826 2801 2095 2883 habeat,
2134 2786 2427 2890 illaeque
2455 2802 2527 2870 in
2560 2800 2779 2872 unius

218 2888 353 2959 viri
398 2889 851 2960 contubernio
898 2887 1108 2959 simul
1165 2890 1255 2959 ha
1308 2889 1475 2960 itent
1504 2945 1519 2971 ‚
1574 2902 1695 2960 aut
1739 2889 2413 2977 quomodocumque,
2481 2912 2627 2960 una
2674 2889 2774 2959 vi-

218 2987 419 3048 vente
447 2998 663 3065 quam
696 2977 1111 3067 cognoverit,
1167 2978 1450 3049 alteram
1503 2977 2027 3069 superinducat.
2599 2994 2606 3000 ·

308 3068 348 3153 ἓ
418 3072 553 3139 11.
608 3070 932 3156 Superest
975 3088 1160 3158 erg0,
1202 3078 1279 3138 ut
1311 3067 1589 3138 tertium
1640 3066 1926 3138 modum
1975 3066 2317 3168 eligas-gt
2362 3066 2580 3148 dicaS,
2617 3078 2774 3157 post

222 3166 515 3224 mortem
549 3154 1024 3226 sanctissimae
1073 3155 1372 3246 Virginis
1418 3155 1672 3244 Joseph
1724 3155 1902 3225 hanc
1951 3160 2232 3225 Mariam
2276 3178 2347 3224 111
2397 3155 2773 3247 conjugem

223 3242 600 3334 accepisse,
645 3266 728 3314 ex
758 3266 897 3332 qua
925 3244 1263 3315 Jacobum
1297 3243 1635 3315 minorem
1670 3255 1735 3313 et
1782 3243 1954 3315 alios
1982 3244 2163 3314 filios
2192 3253 2259 3314 et
2289 3243 2472 3315 filias
2510 3243 2776 3335 genuit.

224 3336 368 3402 Hoc
415 3331 474 3402 si
522 3331 802 3413 dixeriS,
845 3332 916 3402 in
949 3332 1264 3403 eamdem
1314 3344 1379 3403 et
1425 3332 1655 3402 adhuc
1701 3331 2032 3421 majorem
2089 3332 2353 3403 foveam
2404 3344 2467 3403 te
2514 3331 2781 3424 praeci-

224 3419 438 3511 pitem
471 3419 695 3503 dabis,
735 3443 776 3491 a
804 3443 943 3507 qua
974 3442 1360 3510 numquam
1400 3420 1583 3491 exire
1631 3421 1909 3512 poteriS.
1948 3426 2116 3492 Nam
2162 3444 2326 3492 cum
2366 3422 2565 3493 beata
2595 3421 2785 3512 virgo

224 3521 381 3600 post
436 3519 725 3580 mortem
773 3509 902 3579 filii
950 3511 1062 3583 sui
1109 3508 1612 3600 supervixerit,
1669 3508 2016 3596 quomodo
2075 3510 2293 3600 potuit
2337 3511 2595 3600 Joseph
2633 3565 2649 3592 ,
2702 3532 2783 3580 ea

224 3608 524 3680 mortua,
570 3618 876 3669 sororem
927 3598 1208 3669 Mariam
1277 3598 1527 3668 ducere
1574 3609 1639 3666 et
1685 3598 2022 3669 Jacobum
2071 3610 2137 3668 et
2188 3609 2490 3669 caeteros
2541 3597 2786 3670 fratres

224 3687 378 3776 ejus
422 3708 503 3756 ex
551 3708 629 3757 ea
705 3708 1056 3778 generare,
1117 3686 1236 3774 qui
1275 3687 1449 3778 jam,
1504 3685 1734 3757 adhuc
1783 3685 2048 3756 vivente
2096 3687 2441 3757 Salvatore
2501 3700 2736 3757 nostro
2765 3741 2781 3768 ,

226 3774 600 3866 grandaevi
650 3787 846 3847 erant
889 3787 958 3847 et
996 3776 1067 3844 in
1117 3780 1166 3844 A
1217 3774 1472 3847 ostolos
1501 3775 1652 3865 ejus
1685 3775 2071 3864 assumpti:
2103 3787 2182 3844 ut
2231 3785 2412 3866 patet
2458 3798 2536 3846 ex
2573 3781 2788 3846 Evan-

221 3862 629 3954 gelistarum
665 3863 888 3947 libris,
929 3865 1002 3934 in
1031 3865 1153 3953 qui
1206 3886 1289 3933 us
1321 3864 1529 3934 etiam
1562 3862 1771 3932 Maria
1822 3862 1991 3932 haec
2038 3864 2278 3933 Jacobi
2313 3863 2603 3935 minoris
2635 3864 2787 3954 jam

223 3951 528 4043 profecto
576 3953 720 4022 nati
767 3965 833 4024 et
867 3975 1003 4023 non
1039 3952 1395 4034 nascituri,
1428 3951 1669 4022 matris
1706 3950 1901 4020 titulo
1933 3965 2353 4042 praenotata,
2388 3952 2588 4043 juxta
2627 3974 2789 4022 cru·-

219 4063 372 4111 cem
416 4040 690 4111 Domini
737 4042 1006 4112 stetisse
1046 4041 1427 4132 reperitur?
1475 4038 1943 4129 Impossibilia
1972 4040 2143 4110 haec
2192 4051 2450 4111 suntet
2494 4040 2790 4111 eruditis

223 4130 518 4201 auribus
568 4129 880 4221 indigna.
936 4129 1138 4200 Vides
1159 4130 1306 4220 jam
1358 4149 1799 4216 quocumque
1847 4140 1910 4197 te
1960 4140 2202 4210 vertas,
2268 4127 2790 4202 indissolubiles

218 4240 371 4290 esse
418 4218 652 4300 trieaS,
705 4241 747 4288 a
779 4219 1037 4308 quibus
1086 4231 1148 4289 te
1194 4217 1539 4309 explicare
1578 4239 1715 4287 non
1774 4218 2048 4308 possis?
2111 4224 2254 4289 Non
2304 4240 2468 4309 ergo
2517 4239 2782 4298 verum,

217 4307 480 4409 Joseph
526 4328 609 4378 ex
641 4306 779 4408 alia
828 4330 1040 4380 uxore
1069 4307 1409 4379 «Iacobum
1459 4307 1827 4390 minorem,
1874 4308 2289 4398 cognomine
2329 4305 2610 4378 fratrem
2659 4309 2790 4375 Do-

220 4417 423 4476 mini,
480 4416 832 4486 genuisse.

390 4513 634 4575 surius
661 4543 686 4561 ·
729 4510 885 4578 Vitae
908 4512 1016 4580 88.
1047 4545 1069 4561 ·
1097 4512 1223 4578 Vol.
1267 4512 1368 4574 111.
2555 4510 2634 4575 30
