3327 4999
1043 255 1072 293 ρ

650 347 778 413 492
1362 369 1442 414 ΒΕ
1489 369 1544 415 s.
1599 367 2015 416 nssnnmnno
2061 368 2301 416 ΑΒΒΑΤΕ
2711 351 2957 417 MART.
3015 354 3107 418 25

561 444 1026 526 decedentem,
1065 448 1269 517 etiam
1307 448 1553 519 horum
1591 472 1725 519 non
1760 449 1982 520 solum
2020 449 2223 527 dicta,
2264 449 2382 519 sed
2415 450 2619 520 etiam
2650 450 3109 541 cogitationes

561 536 898 626 cognovit.
955 537 1236 607 Illorum
1287 540 1472 607 enim
1522 538 1974 609 diffidentiam
2035 562 2356 629 arguens,
2415 539 2797 609 certissime
2843 542 3109 610 confir—

562 627 796 695 mabat
824 627 969 716 jam
1021 626 1187 696 dicti
1236 627 1463 697 fratris
1511 629 1841 709 animam,
1891 651 2179 719 corpore
2207 629 2528 710 solutam,
2567 631 2988 718 sempiterna
3030 631 3104 699 in

561 715 770 784 coelis
822 715 1054 802 requie
1104 716 1328 806 potiri.
1385 723 1546 786 Vera
1598 731 1826 787 autem
1863 718 2059 788 illum
2095 718 2371 799 dixisse,
2425 717 2797 806 etquidem
2828 720 3103 801 eadem,

561 826 700 891 qua
729 804 1012 885 dixerat,
1063 805 1228 874 liora
1278 806 1473 876 illum
1538 807 1814 877 fratrem
1867 807 2140 888 obiisse,
2178 808 2593 878 nunciorum
2645 807 2731 877 ab
2780 807 2899 877 illo
2952 831 3103 878 mo-

564 893 862 963 nasterio
895 893 1312 965 venientium
1363 898 1567 966 verba
1615 896 2173 987 comprobarunt.

652 988 687 1067 §
748 987 880 1055 12.
936 988 1032 1053 Ita
1058 984 1413 1055 -nimirum
1464 986 1565 1055 vir
1594 1000 1896 1066 sanctus,
1937 986 2114 1055 inter
2148 986 2528 1056 necessaria
2562 986 2680 1058 illa
2716 986 3103 1056 ministeria

563 1093 740 1158 quae
788 1094 993 1141 curae
1058 1072 1342 1143 fratrum
1406 1075 1536 1164 ipsi
1584 1075 2114 1145 commissorum
2168 1076 2631 1166 impendenda
2679 1088 2899 1155 erant,
2960 1099 3098 1145 non

565 1160 861 1262 neglexit
905 1184 982 1231 ea
1032 1163 1260 1231 studia
1307 1186 1482 1249 quae
1522 1164 1652 1254 ipsi
1684 1164 2085 1250 quotidiana
2133 1165 2461 1235 virtutum
2511 1178 2883 1255 augmenta
2931 1189 3099 1235 con-

563 1250 899 1320 ciliarent.
955 1256 1095 1320 Non
1139 1252 1251 1320 ille
1303 1252 1486 1321 visus
1523 1267 1646 1338 est,
1701 1264 1776 1322 ut
1824 1253 2041 1323 solent
2079 1253 2388 1343 plerique
2436 1256 2758 1334 veterani,
2799 1255 2929 1323 sub
2984 1277 3099 1323 ae-

566 1339 723 1409 tatis
772 1340 1196 1429 grandaevae
1248 1355 1594 1432 praetextu
1629 1342 1988 1412 remissius
2035 1365 2307 1433 gerere:
2363 1343 2475 1412 sed
2528 1366 2685 1412 cum
2739 1356 2955 1413 aetate
2983 1367 3096 1413 ac-

565 1443 934 1511 crescente,
990 1430 1315 1500 virtutum
1361 1431 1939 1501 cumulandarum
1990 1431 2351 1513 desiderio,
2417 1432 2673 1519 aliquid
2728 1433 2960 1524 potius
3008 1432 3092 1502 ad

564 1519 1105 1589 conversationis
1167 1520 1487 1620 rigorem,
1538 1535 1880 1607 quatenus
1936 1521 2213 1607 quidem
2266 1523 2439 1591 ferre
2498 1522 2741 1612 potuit,
2797 1522 3097 1610 adjicere

561 1608 859 1677 curavit:
917 1631 1050 1678 non
1082 1609 1441 1678 minimam
1479 1611 1916 1700 sejacturam
1960 1611 2197 1680 fecisse
2227 1612 2620 1693 arbitratuS,
2660 1612 2717 1680 si
2753 1633 2885 1681 non
2921 1616 3104 1699 quo-'

564 1697 728 1766 tidie
776 1697 1037 1784 aliquid
1087 1698 1412 1767 virtutum
1463 1699 1616 1787 ejus
1661 1699 1999 1777 exercitiis
2028 1700 2444 1791 accessisset.
2485 1706 2719 1787 Itaque
2748 1724 2908 1770 cum
2951 1723 3097 1790 pro-

571 1799 755 1856 vecta
781 1787 925 1876 jam
979 1801 1153 1857 esset
1201 1801 1460 1881 aetate„
1487 1811 1768 1879 parvum
1810 1790 2181 1858 oratorium
2246 1791 2308 1858 in
2361 1789 2687 1859 honorem
2742 1794 2806 1858 S.
2848 1790 3096 1859 Leode-

564 1876 740 1968 garii
782 1878 1103 1964 martyris
1136 1876 1219 1945 ad
1259 1876 1433 1945 fores
1459 1877 1852 1947 monasterii
1884 1878 2247 1947 orientales
2272 1879 2604 1949 extruxit:
2635 1878 2752 1947 ubi
2783 1879 3095 1949 abdicata

565 1964 889 2057 pastorali
948 1965 1564 2046 administratione,
1628 1988 1834 2053 quam
1888 1989 2020 2037 non
2074 1968 2470 2047 ambitione,
2527 1967 2642 2036 sed
2698 1968 3097 2037 necessitate

568 2056 692 2125 diu
739 2069 1079 2145 gesserat,
1141 2053 1314 2123 facta
1380 2078 1652 2143 quoque
1715 2055 2043 2125 fratribus
2114 2069 2437 2146 potestate
2483 2057 2698 2127 alium
2748 2058 2901 2147 ejus
2951 2057 3093 2126 loco

565 2145 698 2214 sibi
751 2158 1008 2235 patrem
1059 2142 1429 2234 deligendi,
1485 2168 1629 2216 sese
1679 2145 1983 2227 inclusit,
2018 2156 2094 2214 ut
2126 2146 2314 2215 curis
2352 2146 2679 2215 omnibus
2711 2146 3088 2236 expeditus,

568 2234 782 2304 libere
832 2233 958 2303 soli
1008 2232 1279 2303 divinae
1328 2248 1554 2325 posset
1608 2256 1757 2305 esse
1814 2233 2371 2324 contemplationi
2424 2236 2749 2305 intentus.
2804 2234 3094 2305 Accessit

565 2346 642 2393 eo
690 2323 894 2392 etiam
948 2322 1127 2414 regis
1166 2344 1545 2393 consensus
1584 2336 1649 2393 et
1697 2323 2010 2405 fratrum,
2073 2324 2339 2393 tametsi
2388 2324 2437 2393 ii
2489 2346 2621 2394 non
2674 2346 2925 2415 parum
2976 2325 3097 2394 diu

567 2426 751 2483 tanto
801 2433 878 2481 se*
969 2424 1110 2481 atre
1157 2412 1514 2482 destitutos
1557 2412 1810 2482 luxere.
1851 2413 2170 2505 Adjunxit
2216 2428 2442 2483 autem
2480 2414 2607 2482 sibi
2639 2426 2938 2502 quatuor
2964 2414 3094 2483 fra-

568 2515 700 2573 tres
749 2503 897 2592 ejus
950 2524 1055 2570 em
1109 2503 1462 2593 propositi,
1498 2526 1671 2591 quos
1718 2526 1859 2573 una
1909 2525 2144 2573 secum
2179 2503 2482 2573 inclusit.

654 2595 689 2680 ξ
749 2595 888 2666 18.
942 2597 1147 2661 Porro
1195 2592 1436 2662 fratres
1486 2593 1797 2662 coenobii
1845 2593 2195 2664 Anti-ensis
2245 2594 2711 2682 subrogarunt
2769 2594 2832 2662 ei
2899 2593 3098 2662 Adal-

565 2682 832 2752 fredum
869 2681 1216 2762 Abbatein,
1258 2703 1412 2772 rege
1441 2681 1503 2749 id
1543 2682 1987 2773 approbante.
2025 2688 2268 2752 Verum
2301 2685 2451 2771 ejus
2477 2682 2792 2752 electioni
2820 2688 2889 2751 B.
2930 2687 3099 2751 Her-

572 2770 934 2840 melandus
982 2771 1305 2839 interesse
1355 2771 1595 2840 noluit.
1642 2777 1719 2840 Et
1766 2771 1879 2840 ille
1926 2770 2202 2858 quidem
2236 2771 2489 2842 oblitus
2521 2794 2590 2840 se
2618 2784 2879 2861 patrem
2916 2794 3090 2852 esse,

566 2860 891 2948 malignis
959 2858 1314 2928 daemonis
1386 2859 1717 2930 instinctu
1779 2859 2189 2950 depravatus
2246 2873 2597 2951 paternam
2665 2860 3093 2930 functionem

565 2948 852 3018 mutavit
902 2948 968 3015 in
1022 2948 1480 3036 tyrannidem.
1526 2954 1689 3019 Nam
1744 2961 1886 3018 tum
1924 2949 2057 3028 sui,
2101 2961 2240 3018 tum
2294 2950 2578 3018 fratrum
2632 2951 3096 3019 necessariam

565 3059 804 3107 curam
841 3036 1194 3124 abjiciens,
1236 3038 1442 3108 rebus
1489 3039 2014 3128 supervacaneis
2046 3060 2191 3109 sese
2217 3038 2501 3119 dedidit,
2545 3053 2611 3107 et
2638 3040 2723 3110 ab
2756 3039 3099 3109 interioris

565 3127 739 3195 vitae
789 3108 1036 3194 studiis
1056 3126 1245 3216 justo
1283 3128 1392 3195 Dei
1435 3126 1698 3210 judicio
1731 3127 2117 3218 prolapsuS,
2164 3127 2303 3197 sola
2338 3141 2611 3198 externa
2640 3141 2937 3198 sectatus
2971 3142 3092 3196 est.

566 3216 873 3284 Extruxit
922 3236 1076 3283 vero
1115 3216 1317 3284 etiam
1369 3215 1495 3286 sibi
1548 3216 1805 3298 aulam,
1855 3239 1990 3286 non
2038 3230 2398 3287 contentus
2446 3219 2812 3288 structuris
2861 3240 3095 3286 neces-

567 3304 810 3383 sariiS,
883 3303 1097 3372 animi
1153 3305 1449 3391 quodam
1510 3304 1692 3375 fastu
1743 3328 1901 3375 eum
1973 3306 2385 3396 impellente.
2449 3306 2636 3389 Quod
2704 3320 2781 3376 ut
2828 3306 3103 3376 rescivit

567 3399 636 3462 Β.
679 3393 1201 3476 HermelanduS,
1237 3417 1394 3463 cum
1431 3396 1517 3464 ob
1568 3395 1783 3464 multa
1830 3396 1978 3485 ejus
2027 3417 2163 3465 non
2201 3395 2582 3466 rectefacta
2613 3395 2810 3465 illum
2863 3396 3099 3484 objur-

567 3496 778 3573 garet,
851 3483 1028 3553 inter
1074 3496 1335 3553 caetera
1383 3484 1512 3552 ait:
1569 3484 1797 3567 «Quid
1845 3497 1947 3555 est
1996 3485 2122 3553 hoc
2170 3485 2396 3565 frater,
2452 3484 2633 3571 quod
2687 3485 3099 3576 posthabitis

565 3572 956 3641 animorum
1011 3572 1244 3653 lucriS,
1298 3573 1722 3659 fratrumque
1771 3574 2176 3645 necessariis
2223 3575 2535 3665 negotiis,
2593 3573 2659 3643 in
2705 3597 2813 3644 res
2863 3597 2944 3644 su
2996 3597 3100 3643 er-

567 3683 817 3730 vacuas
866 3675 927 3731 te
975 3674 1187 3731 totum
1252 3662 1598 3731 effundis?
1667 3667 1760 3731 An
1831 3685 1964 3731 non
2029 3664 2193 3733 satis
2256 3664 2471 3732 multa
2521 3664 2630 3733 hic
2679 3664 2803 3733 tibi
2865 3664 2927 3732 vi
2979 3687 3099 3732 en-

568 3763 678 3820 tur
724 3762 1115 3820 constructa
1162 3751 1518 3819 aedilicia?
1566 3751 1992 3840 obtempera,
2048 3775 2324 3839 quaesQ
2381 3753 2583 3822 dictis
2642 3753 2838 3834 meis,
2875 3766 2938 3822 et
2991 3753 3097 3821 his

564 3852 925 3910 contentus
973 3854 1137 3910 esto.
1193 3840 1502 3927 Alioquin
1557 3840 1684 3909 hoc
1735 3841 1802 3909 in
1836 3840 1983 3911 loco
2018 3842 2185 3910 nihil
2223 3842 2346 3911 abs
2375 3856 2435 3913 te
2462 3840 3092 3911 exaedificabitur.»

567 3934 705 4000 Hoc
745 3939 972 3999 autem
1026 3929 1126 3997 vir
1174 3942 1452 4000 sanctus
1501 3930 1897 4020 prophetico
1945 3931 2115 4012 dixit
2174 3931 2461 4020 spiritu,
2517 3930 2742 4001 sciens
2789 3930 3097 4000 divinam

532 4018 624 4088 'ei
676 4018 1071 4106 impendere
1128 4017 1454 4088 ultionem
1506 4040 1684 4106 quae
1733 4018 1849 4088 illo
1896 4042 2079 4088 anno
2129 4020 2388 4090 tolleret
2432 4042 2589 4089 eum
2641 4041 2676 4087 e
2719 4019 3005 4116 medio.‚
3028 4026 3103 4090 At

565 4107 680 4177 ille
726 4108 959 4175 animo
991 4107 1420 4188 obcaecatus,
1456 4108 1580 4177 viri
1615 4109 1725 4176 Dei
1772 4110 2225 4195 aequissimas
2257 4109 2762 4179 admonitiones
2796 4121 3103 4178 contem-

566 4219 760 4277 nens,
816 4196 1141 4266 fratribus
1197 4199 1401 4266 etiam
1454 4197 1840 4268 necessaria
1899 4198 2235 4268 subtraxit
2281 4199 2646 4267 alimenta:
2701 4211 2906 4286 atque
2965 4198 3104 4267 illis

564 4287 766 4357 etiam
817 4285 935 4371 qui
985 4308 1143 4355 cum
1212 4292 1277 4354 S.
1318 4286 1775 4356 Hermelando
1823 4301 2052 4363 erant,
2112 4300 2434 4357 statutam
2476 4286 2690 4388 jussit
2745 4309 3099 4356 annonam

567 4375 825 4445 neo-ari.
869 4379 996 4444 Nec
1047 4375 1172 4444 hoc
1205 4387 1587 4456 contentus,
1625 4376 1865 4446 fratres
1914 4376 2262 4446 dirissime
2311 4376 2522 4447 voluit
2569 4375 2931 4468 flagellari.
2986 4381 3105 4445 Ac-

566 4465 625 4534 ci
682 4465 733 4533 it
783 4476 1034 4542 autem,
1075 4475 1149 4533 ut
1196 4486 1275 4533 ea
1331 4464 1734 4534 crudelitate
1780 4466 1983 4536 etiam
2034 4466 2104 4535 in
2150 4488 2368 4536 unum
2431 4488 2509 4535 ex
2569 4465 2677 4544 iis,
2730 4465 2847 4552 qui
2912 4466 3103 4557 apud
