3327 4999
229 399 485 467 MART.
1081 414 1284 464 sunno
1331 416 1412 463 nr
1457 414 1663 463 coma
1709 412 1933 463 noum
2566 399 2697 463 567

226 504 553 573 Dominus
577 506 751 571 Deus
780 511 935 569 tuus
955 503 1096 569 oleo
1125 502 1427 569 laetitiae
1448 523 1616 591 prae
1643 499 2050 567 consortibus
2073 502 2207 569 tuis
2233 500 2664 589 (Psalm.44).
2690 506 2785 573 Ex

234 592 362 660 illo
411 612 577 661 sane
617 603 781 659 tunc
832 590 1114 679 Spiritu,
1150 589 1268 674 qui
1312 602 1620 658 nostrum
1657 609 1933 675 quoque
1965 588 2270 658 chrisma
2320 611 2504 658 nunc
2551 612 2788 660 conse-

234 691 410 761 crat,
468 692 723 749 tantam
782 679 1097 747 virtutem
1149 699 1488 764 aquarum
1531 677 1847 745 omnium
1900 689 2142 747 natura
2192 679 2536 767 concepit,
2589 694 2666 749 ut
2715 680 2784 748 in

290 768 801 854 uibuscumque
829 767 1203 836 fluentibus
1227 768 1359 836 sub
1381 766 1803 857 professione
1823 765 2105 834 deificae
2127 766 2475 836 Trinitatis
2498 768 2787 838 abluen-

232 792 372 928 gus
420 858 910 947 immergatur,
958 855 1240 945 plenum
1303 867 1507 941 atque
1555 853 1932 945 perfectum
1986 877 2198 926 novae
2246 856 2789 946 regenerationis

231 947 641 1035 myst›rium
694 945 1028 1014 divinitus
1079 944 1471 1035 impleatur.

325 1038 360 1121 ἓ
407 1040 496 1108 5.
549 1039 690 1103 Hoc
741 1046 1053 1103 nostrum
1104 1033 1408 1102 chrisma
1458 1031 1632 1101 illud
1683 1031 1887 1101 etiarn
1939 1032 2166 1101 oleum
2198 1033 2425 1121 typice
2463 1034 2786 1124 designa-

229 1124 374 1204 bat,
427 1145 566 1210 quo
619 1123 946 1192 Dominus
995 1123 1065 1190 in
1131 1121 1574 1192 tabernaculo
1639 1134 1899 1212 septem
1952 1121 2271 1190 lucernas
2319 1121 2644 1212 impleri,
2706 1146 2786 1192 ac

226 1214 495 1304 jugiter
533 1212 773 1281 ardere
811 1212 1225 1301 'praecepitz
1277 1211 1623 1298 Praecipe,
1684 1210 1933 1296 inquit,
1989 1210 2153 1279 filiis
2203 1211 2437 1291 Israel,
2491 1225 2567 1280 ut
2622 1211 2786 1280 affe-

234 1315 393 1372 rant
447 1302 571 1370 tibi
618 1300 845 1369 oleum
918 1301 1003 1368 de
1050 1299 1249 1369 olivis
1299 1299 1798 1389 purissimum,
1854 1321 1934 1367 ac
1983 1298 2320 1381 lucidum,
2374 1299 2457 1367 ad
2509 1301 2790 1369 concin-

233 1390 506 1461 nandas
570 1390 887 1459 lucernas
944 1389 1205 1479 jugiter
1250 1401 1436 1458 extra
1497 1388 1724 1457 velum
1779 1388 2148 1457 testimonii
2207 1387 2277 1456 in
2339 1388 2788 1459 tabernaculo

236 1479 555 1559 foederiS,
596 1491 932 1567 ponetque
962 1500 1078 1548 eas
1129 1483 1340 1546 Aaron
1376 1499 1414 1546 a
1445 1498 1724 1567 vespere
1771 1476 2092 1563 usquein
2133 1498 2332 1545 mane
2381 1500 2610 1546 coram
2659 1484 2785 1548 Do-

235 1570 450 1647 mino,
485 1566 679 1637 cultu
714 1568 991 1653 rituque
1042 1579 1369 1657 perpetuo
1405 1565 1472 1634 in
1516 1565 2079 1657 generationibus
2112 1566 2351 1635 vestris
2381 1589 2592 1657 super
2621 1590 2786 1636 can-

236 1657 596 1726 delabrum
663 1655 1121 1746 purissimum
1191 1667 1482 1744 ponetur
1548 1677 1822 1745 semper
1895 1654 1961 1723 in
2031 1667 2404 1743 conspectu
2482 1655 2779 1726 Domini.

238 1746 412 1828 Quid
465 1756 693 1814 autem
749 1767 869 1834 per
918 1757 1177 1834 septem
1230 1743 1549 1813 lucernas
1597 1745 1665 1811 in
1721 1743 2187 1822 tabernaculO‚
2234 1743 2366 1812 nisi
2405 1757 2659 1833 septem
2692 1744 2786 1812 si-

237 1834 662 1925 gnificantur
697 1833 1039 1903 Ecclesiae
1076 1832 1142 1899 in
1179 1854 1318 1901 uno
1371 1832 1623 1923 populo
1674 1833 2091 1902 Christiano?
2139 1838 2215 1901 In
2266 1832 2524 1919 quibus
2573 1833 2784 1901 nimi-

241 1945 395 1991 rum
434 1922 660 1992 oleum
702 1923 989 2012 jubetur
1021 1921 1489 1992 indesinenter
1527 1922 1789 2002 ardere,
1845 1921 2008 2007 quia
2060 1921 2124 1989 in
2177 1920 2263 1990 iis
2313 1920 2579 1990 sincera
2623 1921 2786 1990 cha-

243 2012 456 2092 ritas,
509 2032 684 2096 quae
738 2033 855 2100 per
902 2010 1234 2099 Spiritum
1287 2015 1610 2079 Sanctum
1663 2010 1912 2090 datur,
1972 2010 2232 2100 gemini
2279 2009 2479 2078 debet
2524 2011 2784 2080 amoris

245 2100 407 2189 igne
454 2099 846 2181 fervescere,
905 2112 970 2169 et
1016 2098 1222 2168 claris
1270 2113 1474 2186 atque
1520 2098 1918 2188 conspicuis
1965 2120 2238 2187 semper
2283 2098 2609 2188 operibus
2669 2122 2786 2169 co-

246 2210 548 2257 ruscare.
617 2189 738 2258 Sed
804 2210 963 2258 cum
1034 2210 1172 2257 una
1235 2187 1830 2293 sihproculdubio
1877 2188 2212 2257 catholica
2258 2202 2323 2257 et
2370 2188 2784 2258 universalis

245 2277 544 2346 Ecclesia
580 2333 595 2357 ,
642 2278 822 2347 sicut
872 2299 990 2366 per
1040 2277 1472 2346 Salomonem
1522 2277 1819 2346 dicitur:
1877 2281 2017 2345 Una
2079 2289 2180 2346 est
2224 2275 2547 2345 columba
2607 2299 2779 2358 mea,

245 2388 387 2436 una
437 2367 791 2457 genitricis
839 2387 1053 2434 suae:
1105 2365 1272 2451 quid
1323 2379 1423 2437 est
1457 2421 1472 2443 ‚
1524 2366 1709 2452 quod
1778 2365 1847 2432 in
1908 2365 2123 2433 sacris
2170 2364 2463 2450 eloquiis
2524 2387 2595 2434 se
2651 2378 2787 2435 tem

243 2476 394 2525 esse
446 2454 833 2524 reseruntur
880 2454 1244 2535 Ecclesiae,
1303 2455 1434 2524 nisi
1483 2454 1648 2541 quia
1696 2476 1834 2523 una
1894 2468 1994 2524 est
2044 2475 2163 2544 per
2211 2454 2540 2523 unitatem
2617 2453 2778 2536 idei,

244 2543 665 2634 septiformis
712 2556 813 2613 est
862 2566 983 2634 per
1029 2544 1305 2613 totidem
1359 2544 1539 2614 dona
1590 2544 1886 2633 Spiritus
1936 2544 2196 2614 Sancti?
2226 2549 2365 2613 Hae
2402 2556 2563 2612 sunt
2593 2544 2783 2612 enim

242 2646 498 2722 septem
558 2631 905 2713 mulieres,
958 2655 1135 2719 quae
1173 2634 1369 2724 juxta
1419 2633 1789 2723 Prophetae
1837 2633 2263 2712 vaticinium,
2317 2654 2641 2721 accepere
2689 2632 2787 2700 vi·

242 2745 396 2791 rum
451 2744 698 2808 unum.
738 2722 852 2790 Vir
885 2736 1112 2790 autem
1167 2722 1506 2791 Ecclesiae
1567 2722 1900 2791 Christus.
1956 2726 2095 2790 Hoc
2129 2720 2331 2810 plane
2364 2720 2592 2790 Sancti
2634 2718 2790 2811 Spi-

240 2810 414 2880 ritus
461 2810 608 2879 oleo
656 2826 903 2881 cuncta
945 2833 1299 2880 sacrarum
1353 2811 1852 2902 scripturarum
1907 2809 2160 2901 pabula
2208 2809 2655 2889 condiuntur,
2709 2820 2788 2879 ut

241 2900 633 2968 animarum
703 2913 1092 2970 nostrarum
1168 2901 1426 2968 viscera
1488 2900 1918 2990 saginentur.
1981 2904 2120 2968 Hoc
2182 2898 2407 2967 oleum
2464 2898 2786 2968 vitalibus

241 2988 464 3078 epulis
512 2988 768 3074 eloquii
816 2989 1129 3059 coelestis
1164 2988 1470 3059 infusum
1516 2989 1695 3079 sapit
1743 2989 1810 3056 in
1864 2987 2185 3058 faucibus
2231 2988 2526 3068 animae,
2583 2987 2787 3076 cujus

241 3089 303 3145 et
352 3078 784 3146 stomachum
822 3090 1102 3157 recreat,
1147 3090 1210 3146 et
1243 3096 1523 3167 gustum
1563 3077 2004 3168 percipientis
2035 3075 2383 3147 obdulcat.
2415 3081 2582 3145 Nam
2612 3075 2786 3144 scri-

242 3178 436 3255 ptum
469 3177 611 3233 est:
646 3167 872 3234 Lz‘tera
916 3166 1178 3246 occidit,
1216 3169 1497 3256 spiritus
1537 3179 1763 3236 autem
1811 3169 2109 3256 vivificat
2137 3167 2197 3255 (l
2244 3169 2389 3236 Cor.
2431 3165 2555 3254 ιιι).
2596 3163 2789 3233 Unde

243 3253 600 3322 sciendum
654 3265 776 3333 est,
819 3254 982 3340 quia
1029 3275 1271 3322 omnes
1319 3276 1675 3324 sacrorum
1728 3255 2156 3325 voluminum
2216 3254 2509 3344 paginae
2556 3251 2789 3323 Sancti

245 3339 540 3440 Spiritus
586 3340 735 3410 oleo
782 3355 945 3412 sunt
985 3342 1329 3411 conditae.
1369 3344 1827 3425 Quamobrem
1872 3356 1937 3413 et
1982 3344 2053 3412 in
2107 3342 2281 3412 libro
2328 3349 2786 3412 Numeroruin

244 3429 518 3518 legitur:
573 3430 744 3510 Quia
798 3432 1137 3500 circuibat
1188 3431 1524 3521 populus„
1577 3444 1642 3501 et
1687 3432 2020 3533 colligens
2071 3454 2326 3500 manna
2359 3487 2374 3510 ,
2429 3431 2787 3521 frangebat

242 3515 452 3593 mola,
507 3516 647 3585 sive
697 3518 953 3588 terebat
1002 3519 1067 3589 in
1115 3520 1462 3596 mortario,
1515 3543 1821 3607 coquens
1868 3543 1938 3589 1n
1988 3520 2149 3601 olla,
2202 3532 2268 3589 et
2306 3518 2565 3589 faciens
2603 3541 2787 3589 exeo
2881 3532 2887 3538 ’

244 3604 532 3676 tortulas
571 3608 839 3695 saporis
884 3608 1087 3695 quasi
1123 3610 1326 3698 panis
1372 3608 1599 3678 oleati.

333 3696 370 3783 ἓ
419 3700 514 3765 θ.
579 3699 786 3765 Porro
834 3710 1064 3766 autem
1113 3696 1314 3783 quasi
1364 3719 1485 3786 per
1532 3696 1748 3766 multa
1787 3696 1854 3764 in
1893 3693 2303 3764 cancellario
2351 3695 2623 3765 Domini
2667 3695 2791 3765 clo-²

248 3783 340 3853 lia
375 3783 740 3854 transitum
787 3784 1186 3865 habuimuS,
1242 3798 1318 3855 ut
1365 3785 1449 3855 ad
1501 3784 1726 3854 solum
1776 3784 2101 3863 oleatum,
2155 3783 2341 3854 velut
2378 3784 2511 3854 olei
2552 3805 2792 3854 vascu-

247 3871 390 3942 lum
425 3927 440 3951 ‚
497 3873 851 3961 pervenire
901 3896 1287 3964 possemus
1369 3880 1615 3943 Manna
1662 3873 1962 3960 denique
1996 3926 2012 3953 ,
2062 3895 2201 3960 quo
2263 3872 2457 3963 plebs
2523 3873 2793 3944 vivebat

245 3961 643 4044 Israelitica,
683 3985 961 4033 sacrum
1001 3963 1411 4053 designabat
1457 3963 1838 4049 eloquium,
1873 3983 2011 4047 quo
2061 3961 2364 4031 nutritur
2409 3973 2474 4031 et
2523 3975 2792 4053 vegeta-

246 4062 358 4119 tur
404 4048 646 4140 religio
696 4052 1105 4122 Christiana.
1161 4051 1355 4134 Quod
1411 4052 1649 4146 ntique
1709 4050 2037 4120 veraciter
2082 4050 2381 4120 oleatum
2440 4063 2565 4133 est,
2625 4051 2793 4138 quia

244 4139 535 4228 mystica
584 4141 810 4211 Sancti
862 4140 1158 4231 Spiritus
1190 4153 1292 4211 est
1333 4141 1659 4210 unctione
1697 4161 2178 4229 conspersum.
2217 4139 2604 4210 Notandum
2635 4160 2792 4210 vero

244 4226 406 4313 quia
459 4227 642 4298 idem
697 4252 989 4312 manna,
1056 4230 1238 4318 quod
1293 4230 1360 4299 in
1429 4229 1605 4299 libro
1653 4234 2106 4299 Numerorum
2157 4227 2412 4298 dicitur
2458 4227 2783 4311 oleatum,

247 4314 316 4383 in
363 4317 595 4387 Exodo
644 4318 896 4410 legitur
942 4341 1076 4389 non
1127 4319 1282 4400 olei,
1341 4325 1460 4389 sed
1512 4318 1740 4390 mellis
1835 4316 2015 4387 otius
2068 4316 2395 4387 habuisse
2441 4338 2782 4405 saporem.

246 4407 545 4488 GustuS‚
605 4405 882 4495 inquit,
951 4409 1101 4499 ejus
1159 4420 1304 4478 erat
1358 4407 1561 4496 quasi
1617 4405 1776 4477 simi
1811 4428 1847 4475 e
1894 4428 2054 4475 cum
2131 4405 2358 4476 melle.
2438 4403 2785 4488 Quidnam

247 4504 369 4574 est,
425 4494 611 4582 quod
683 4496 1049 4588 Angelicus
1098 4496 1215 4567 ille
1278 4497 1479 4567 cibus
1527 4497 1726 4588 prius
1801 4494 2057 4565 dicitur
2102 4495 2332 4566 mellis
2395 4493 2790 4565 exhibuisse
