3327 4999
755 288 841 355 66
1595 308 1676 354 ns
1724 306 1777 354 s.
1831 306 2067 355 consu
2115 254 2283 353 vnio.
2867 287 3098 353 MART.
3141 290 3174 354 6

650 394 890 480 Itaque
937 390 1260 461 daemoni
1308 389 1410 459 illi
1453 411 1578 460 nec
1641 391 1864 481 signe,
1933 413 2057 461 nec
2115 390 2318 461 verbo
2384 389 2758 476 quicquam
2828 389 3167 480 respondit,

648 481 837 553 unde
869 480 1081 550 miser
1129 480 1349 550 victus
1402 477 1643 561 taedio,
1699 503 1772 551 se
1815 479 2171 550 subduxit.
2226 484 2432 548 Porro
2478 478 2604 550 ubi
2651 477 2736 548 ad
2787 479 3172 549 mediocrem

652 570 959 661 pervenit
1005 580 1319 648 aetatem,
1363 580 1429 637 et
1466 568 1613 656 jam
1667 568 2119 639 monasticam
2168 567 2560 639 sectabatur
2601 567 2832 647 vitam,
2893 590 3084 658 saepe
3117 568 3174 637 in

650 682 804 730 eam
854 659 1299 728 incurrerunt
1344 656 1739 739 daemones,
1792 657 2094 728 fustibus
2159 679 2309 726 eam
2369 655 2493 726 diu
2556 666 2622 725 et
2688 656 3001 727 atrociter
3043 677 3174 726 cae-

653 747 915 827 denteS‚
970 759 1047 816 ut
1108 746 1421 816 membra
1476 746 1629 835 ejus
1689 747 2056 816 tenerrima
2113 758 2178 817 et
2239 743 2592 815 imbecilla
2657 767 2942 835 prorsus
2988 746 3174 815 fracta

652 836 1071 916 viderentur,
1124 848 1190 905 et
1234 835 1365 905 atri
1420 833 1666 905 livores
1701 834 1770 903 in
1820 836 1970 925 ejus
2011 856 2296 926 corpore
2351 847 2786 905 remanerent
2833 856 2968 904 non
3012 833 3175 904 brevi

654 937 788 995 tem
844 946 982 995 ore.

742 948 990 1101 §1³52
1044 1013 1247 1083 Omni
1306 1011 1587 1099 quidem
1663 1023 1967 1103 tempore
2034 1012 2223 1083 misit
2290 1012 2732 1102 omnipotens
2780 1017 2958 1083 Deus
2999 1032 3173 1099 quos-

655 1102 818 1173 dam
864 1102 985 1186 qui
1033 1102 1324 1173 miseros
1371 1113 1761 1192 peccatores
1789 1102 1877 1172 ad
1926 1102 2157 1190 ipsum
2207 1101 2635 1171 reducerent.
2670 1100 2800 1171 Sed
2850 1101 3034 1172 hisce
3075 1121 3171 1170 no-

656 1191 817 1262 stris
864 1190 1109 1260 diebus
1166 1190 1538 1260 foeminam
1587 1190 1815 1272 misit,
1884 1191 2018 1262 sibi
2083 1190 2452 1291 praecipue
2515 1188 2841 1271 charam,
2908 1190 3168 1260 Coletam

656 1280 995 1370 virginem
1042 1301 1219 1366 quae
1284 1278 1712 1351 illuminaret
1773 1292 1841 1350 et
1903 1278 2193 1370 perfecte
2258 1277 2582 1369 dirigeret
2646 1278 3078 1350 ambulantes
3115 1278 3170 1345 in

654 1369 977 1440 vitiorum
1028 1368 1328 1440 tenebris
1374 1381 1440 1439 et
1485 1368 1737 1438 umbra
1784 1368 2023 1438 mortis
2054 1423 2069 1450 ,
2131 1378 2613 1454 revocaretque
2676 1366 2836 1439 illos
2902 1368 2971 1437 in
3018 1367 3166 1437 viam

654 1458 1138 1528 mandatorum
1190 1479 1500 1537 suorum,
1553 1469 1759 1544 atque
1797 1457 2149 1539 omnibuS,
2214 1457 2722 1547 cujuscumque
2774 1457 2881 1526 illi
2921 1456 3019 1526 vel
3065 1468 3171 1527 sta-

655 1558 766 1617 tus
800 1546 899 1615 vel
935 1545 1351 1616 conditionis
1400 1545 1560 1625 sint,
1620 1546 1856 1615 lumen
1889 1560 1955 1616 et
1999 1546 2389 1637 exemplum
2442 1545 2527 1614 de
2582 1566 2657 1614 se
2705 1546 3054 1636 praeberet
3095 1558 3170 1613 to·

654 1635 793 1705 tius
841 1634 1299 1725 perfectionis,
1343 1634 1750 1716 sanctitatiS,
1803 1635 2206 1715 devotionis,
2265 1633 2820 1704 mortificationis
2882 1647 2946 1705 et
2994 1633 3170 1703 virtu·

655 1736 803 1795 tum
851 1723 1193 1793 omnium.
1244 1729 1322 1794 Et
1367 1736 1443 1793 ut
1491 1722 1560 1793 id
1606 1736 1983 1824 praestaret
2012 1723 2385 1803 efficaciuS,
2438 1722 2709 1793 ornavit
2747 1746 2900 1794 eam
2934 1722 3169 1795 eximiis

653 1813 915 1904 gratiae
962 1834 1127 1882 suae
1182 1812 1385 1882 donis
1446 1825 1512 1882 et
1557 1826 1733 1883 vitae
1790 1814 2146 1883 excellenti
2193 1811 2675 1893 sanctimonia,
2730 1813 2989 1900 quibus
3032 1810 3169 1881 olim

654 1901 988 1993 speciales
1033 1900 1296 1972 amicos
1328 1914 1393 1970 et
1440 1913 1713 1971 sanctos
1773 1923 1935 1972 suos
1981 1902 2382 1973 illustrarat.
2429 1900 2605 1971 Vixit
2653 1901 2842 1970 enim
2901 1899 3170 1972 solitaria

652 2003 720 2061 et
764 1991 834 2059 in
886 1990 1107 2060 multa
1138 1990 1552 2060 abstinentia
1598 2012 1761 2060 cum
1811 1991 2059 2081 priscis
2097 1990 2238 2060 illis
2286 1989 2627 2070 Eremitis,
2681 1990 2942 2060 claram
2974 2002 3167 2060 autem

653 2079 1119 2181 cognitionem
1175 2101 1334 2149 cum
1385 2079 1779 2169 ProphetiS,
1851 2091 2322 2170 paupertatem
2386 2078 2846 2149 voluntariam
2897 2079 3168 2163 aliasque

654 2168 942 2239 eximias
989 2168 1273 2239 virtutes
1326 2179 1579 2237 sectata
1625 2180 1728 2237 est
1764 2190 1926 2238 cum
1975 2168 2332 2259 Apostolis‚
2393 2189 2528 2236 non
2580 2169 2644 2237 ei
2690 2168 2913 2238 defuit
2959 2173 3168 2254 Marty-

653 2280 811 2328 rum
855 2257 1234 2337 tolerantia,
1287 2279 1422 2326 non
1474 2257 1742 2327 fervens
1783 2256 2258 2328 confessorum
2290 2255 2612 2338 charitaS,
2668 2279 2807 2326 non
2846 2257 3166 2347 Virginum

654 2346 870 2416 nitida
936 2347 1222 2436 puritas,
1276 2345 1466 2427 Quod
1517 2346 1602 2415 ad
1655 2345 2031 2416 solitariam
2081 2345 2290 2415 vitam
2338 2345 2598 2427 attinet,
2666 2345 2738 2415 in
2787 2370 2868 2416 ea
2915 2341 3166 2415 colenda

653 2435 763 2506 vix
810 2434 1014 2526 pauci
1060 2435 1327 2522 antiqui
1378 2448 1603 2525 patres
1655 2434 1721 2503 ei
1769 2446 2044 2525 possent
2083 2434 2494 2526 comparari.
2534 2434 2714 2506 Totis
2761 2435 2951 2505 enim
2996 2432 3166 2522 quin·

652 2526 983 2616 quaginta
1032 2526 1236 2594 annis
1285 2545 1456 2614 pene
1490 2544 1763 2680 semsser
1811 2524 1970 2594 vixit
2003 2525 2296 2595 inclusa.
2350 2530 2429 2593 In
2480 2524 2778 2615 singulis
2826 2525 3009 2595 enim
3052 2542 3167 2592 mo·

652 2613 974 2685 nasteriis
1007 2615 1151 2684 suis
1199 2611 1513 2702 singulas
1550 2612 1640 2681 ha
1694 2612 1795 2682 uit
1843 2612 2131 2684 cellulas
2161 2613 2358 2683 valde
2386 2624 2609 2683 arctas
2665 2636 2844 2701 quae
2891 2630 3166 2707 carceres

651 2704 882 2774 verius
931 2702 1034 2773 vel
1083 2701 1401 2791 sepulcra
1447 2700 1861 2782 dicerentur,
1914 2725 2075 2772 cum
2125 2724 2198 2773 se
2243 2703 2349 2772 vix
2446 2714 2627 2773 osset
2656 2703 2842 2773 intra
2890 2701 3038 2772 illas
3061 2719 3167 2769 eri·

651 2814 834 2882 gere,
872 2803 991 2861 aut
1028 2791 1166 2860 alio
1213 2801 1499 2859 vertere:
1552 2790 2141 2876 quemadmodum
2177 2791 2246 2860 in
2285 2813 2404 2860 mu
2439 2791 2525 2860 tis
2571 2791 2730 2862 licet
2780 2791 3010 2862 videre
3039 2808 3166 2858 coe·

652 2880 881 2950 nohiis
928 2878 1141 2959 illius,
1178 2879 1476 2947 maxime
1513 2878 1916 2960 Viviacensi,
1953 2880 2072 2950 ubi
2109 2879 2360 2949 Cellam
2395 2880 2640 2950 hahuit
2669 2902 2786 2951 sex
2817 2880 3021 2973 pedes
3050 2876 3165 2946 lon·

650 2991 835 3059 gam,
888 2979 1187 3055 quatuor
1234 2966 1464 3036 latam.
1518 2972 1596 3037 Et
1642 2968 1744 3037 illi
1791 2969 2072 3055 quidem
2103 2979 2359 3039 veteres
2389 2970 2711 3039 eremitae
2743 2979 3163 3059 poterantex·

652 3056 898 3148 patiari
957 3078 1077 3146 per
1124 3056 1531 3126 solitudines
1577 3071 1643 3127 et
1689 3057 1992 3127 relaxare
2038 3057 2350 3127 animum
2404 3071 2557 3149 post
2613 3080 2874 3149 preces,
2930 3056 3161 3127 labores

649 3158 717 3217 et
761 3145 1054 3225 dolores,
1098 3145 1308 3232 idque
1339 3167 1455 3214 eos
1501 3144 1743 3216 fecisse
1790 3157 2092 3218 constat:
2145 3157 2214 3216 at
2246 3146 2470 3217 Coleta
2517 3168 2900 3234 numquam
2950 3145 3031 3214 de
3058 3159 3159 3212 suo

651 3234 905 3327 prodiit
951 3235 1245 3304 oratorio
1292 3234 1507 3304 animi
1572 3235 1965 3305 remittendi
2030 3239 2240 3308 causa
2268 3290 2283 3318 ‚
2352 3249 2996 3324 quantumcumque
3036 3233 3157 3324 hor7

647 3324 1091 3424 rendisesset
1136 3323 1377 3394 affecta
1427 3323 1666 3424 poenis
1713 3337 1781 3394 et
1833 3323 2222 3424 doloribus:
2286 3324 2498 3411 idque
2554 3324 2748 3406 adeo,
2802 3337 2879 3395 ut
2923 3323 3155 3393 etiamst
3257 3385 3260 3418 4

647 3435 786 3482 non
838 3435 974 3483 msr
1022 3435 1271 3504 passus
1328 3435 1512 3483 unus
1560 3426 1915 3483 interesset
1962 3425 2139 3484 luter
2184 3413 2558 3484 oratorium
2606 3425 2673 3483 et
2721 3414 3158 3505 propinquum

647 3501 952 3582 hortum,
1001 3501 1100 3571 vel
1150 3501 1438 3591 sylvam,
1474 3523 1553 3571 eo
1600 3525 1674 3571 se
1720 3501 2028 3571 conferre
2069 3513 2435 3573 recusaret.
2472 3502 2761 3586 Quando
2809 3517 3031 3574 autem
3064 3515 3160 3565 co·

646 3591 937 3682 gebatur
981 3591 1164 3661 exire
1195 3590 1282 3660 ad
1319 3590 1659 3660 visitanda
1706 3591 2145 3672 monasteria,
2198 3603 2318 3661 aut
2355 3591 2530 3662 alias
2576 3590 2662 3662 ob
2698 3614 2967 3670 causas,
3043 3594 3161 3655 ost-

643 3702 853 3768 quam
881 3680 969 3750 ad
1020 3679 1312 3770 hospitia
1367 3680 1696 3769 pervenit,
1754 3678 1820 3748 in
1872 3692 2237 3780 angustam
2288 3702 2360 3750 se
2407 3680 2779 3772 recipiebat
2824 3703 3007 3772 angu
3038 3692 3158 3747 um,

643 3770 897 3860 pannis
945 3769 1274 3860 appensis
1319 3767 1753 3848 conclusum,
1811 3791 1936 3837 nec
1986 3769 2148 3839 inde
2195 3769 2535 3859 prodibat,
2590 3769 2807 3840 donec
2861 3779 3032 3841 esset
3071 3781 3161 3831 re-

643 3857 1058 3928 cedendum.

729 3948 767 4034 5
812 3951 971 4019 58.
1026 3952 1272 4037 Magna
1316 3968 1590 4034 quoque
1628 3945 1928 4037 legimus
1968 3958 2363 4018 sanctorum
2397 3960 2672 4038 patrum
2694 3948 2984 4050 jejunia,
3020 3961 3159 4037 proj-

641 4033 815 4106 lixas
864 4035 1158 4138 vigilias,
1210 4036 1579 4106 diuturnas
1625 4057 1885 4127 preces.
1924 4035 2049 4105 Sed
2101 4035 2323 4106 Coleta
2370 4060 2530 4107 cum
2563 4038 2824 4108 Christo
2846 4035 3157 4128 jejunavit

643 4137 995 4215 perpetuls
1039 4124 1501 4218 quadraginta
1545 4125 1794 4196 diebus
1839 4138 1905 4195 et
1951 4124 2292 4206 noctibuS,
2349 4125 2518 4196 nihil
2575 4149 2853 4216 prorsus
2900 4122 3157 4195 cibiaut

642 4225 846 4309 potus
893 4214 1283 4305 accipiens:
1336 4214 1520 4302 quod
1569 4227 1794 4285 tamen
1868 4214 2219 4285 humanae
2264 4215 2654 4286 infirmitati
2699 4229 2874 4286 esset
2918 4215 3156 4299 impos-

641 4301 865 4383 sihile,
912 4303 1046 4373 nisi
1093 4303 1278 4392 quod
1319 4305 1504 4396 apud
1555 4309 1771 4375 Deum
1805 4302 1977 4372 nihil
2009 4313 2112 4373 est
2139 4303 2592 4394 impossibile.
2629 4309 2720 4375 De
2748 4301 2995 4396 vigiliis
3020 4296 3152 4386 ejus

640 4403 929 4474 constat,
980 4414 1129 4462 eam
1190 4405 1328 4465 toto
1384 4415 1567 4463 anno
1632 4416 1713 4463 ex
1774 4391 2114 4484 singulari
2181 4393 2296 4463 Dei
2362 4394 2584 4485 gratia
2641 4394 2830 4464 omni
2895 4400 3154 4482 prorsus
