3327 4999
697 322 828 386 388
1220 337 1298 383 ΒΕ
1347 337 1402 384 s.
1457 336 1822 384 cumauro
1871 333 2069 381 Prisc.
2124 332 2523 382 tinnisriiaiv.
2775 315 3022 385 MART.
3077 317 3169 381 20

609 432 972 513 praecepto
1005 421 1157 511 ejus
1192 430 1470 490 secutus
1510 431 1611 491 est
1663 418 2081 509 exemplum,
2122 416 2245 504 qui
2292 416 2464 488 disci
2523 416 2622 485 uli
2650 416 2721 484 in
2756 428 2984 486 monte
3015 417 3173 506 glo-

610 512 789 580 riam
820 531 987 579 suae
1029 508 1404 598 majestatis
1452 508 1843 588 ostendenS,
1898 507 2036 576 ait:
2075 528 2110 572 «
2141 505 2409 575 Nemini
2510 504 2764 573 ixeritis
2798 504 3165 586 visionem,

612 598 832 667 donec
881 597 1070 666 silius
1119 596 1423 664 hominis
1450 619 1488 664 a
1516 597 1807 666 mortuis
1846 606 2226 683 resurgat.»
2249 593 2758 662 Promittentem
2794 615 2956 682 ergo
2988 615 3174 679 quae

600 688 929 777 jusserat,
965 685 1243 753 fratrem
1269 685 1638 765 benedixit,
1669 684 2061 774 pariterque
2090 681 2373 771 culpam
2405 693 2469 749 et
2501 681 2910 759 molestiam,
2947 704 3167 767 quam

612 773 1021 843 temerarius
1071 773 1476 852 incurrerat,
1533 773 1874 843 abstersit:
1915 771 2039 858 qui
2085 771 2407 839 virtutem
2437 790 2648 855 quam
2688 769 2971 847 viderat,
3015 769 3173 858 ipso

610 862 877 1017 vivenbte
943 860 1215 937 silentio
1296 871 1572 951 tegens:
1665 873 1819 951 post
1889 860 2155 929 obitum
2222 858 2373 948 ejus
2446 857 2774 947 plurimis
2847 857 3166 927 indicare

612 971 780 1018 cura
834 961 923 1019 at.

700 1040 737 1123 ξ
786 1042 927 1108 1-1.
997 1036 1228 1127 Coepit
1282 1038 1542 1105 interea
1589 1037 1694 1105 vir
1741 1036 1857 1105 Dei
1904 1035 2107 1103 etiam
2160 1032 2410 1123 spiritu
2446 1032 2846 1123 prophetiae
2880 1033 3164 1117 pollere,

613 1137 900 1194 ventura
966 1124 1401 1206 praedicere,
1464 1125 1779 1195 absentia
1826 1123 2182 1192 nunciare.
2242 1121 2554 1203 Quodam
2604 1122 2788 1190 enim
2853 1132 3165 1207 tempore

611 1234 903 1301 pergens
952 1213 1036 1281 de
1090 1235 1217 1282 suo
1268 1214 1707 1292 monasterio,
1752 1235 1875 1301 pro
1908 1210 2309 1280 necessitate
2354 1231 2607 1279 causae
2638 1209 3040 1291 accidentis,
3079 1210 3171 1279 ad

613 1302 866 1371 terram
919 1301 1289 1379 Pictorum,
1329 1302 1450 1387 qui
1500 1301 1783 1370 Niduari
1823 1312 2174 1379 vocantur,
2235 1298 2623 1388 navigando
2673 1297 3004 1388 pervenit,
3048 1320 3168 1368 co·

612 1388 1024 1457 mitantibus
1056 1411 1213 1457 eum
1251 1389 1527 1458 duobus
1556 1411 1593 1457 e
1622 1389 1974 1469 fratribuS,
2012 1408 2311 1474 quorum
2360 1408 2548 1456 unus
2597 1400 2830 1475 postea
2878 1386 3175 1476 presby-

614 1476 765 1546 terii
814 1476 1096 1545 functus
1135 1476 1385 1557 officio,
1432 1479 1757 1546 virtutem
1793 1476 2139 1555 miraculi,
2175 1497 2385 1561 quam
2431 1474 2687 1544 ibidem
2738 1475 2842 1541 vir
2889 1475 3170 1543 Domini

613 1565 1042 1645 monstravit,
1079 1565 1461 1634 multorum
1512 1565 1791 1634 notitiae
1827 1564 2163 1653 patefecit.
2203 1569 2548 1632 Venerunt
2580 1574 2809 1631 autem
2855 1562 2973 1630 illo
3019 1574 3176 1652 post

613 1653 865 1722 natalis
916 1653 1250 1722 Dominici
1291 1653 1501 1732 diem,
1557 1666 1913 1743 sperantes
1962 1674 2055 1733 se,
2109 1652 2274 1737 quia
2319 1651 2671 1720 undarum
2704 1649 2915 1719 simul
2949 1663 3016 1720 et
3048 1674 3176 1719 au-

610 1763 851 1809 rarum
902 1741 1250 1810 arridebat
1298 1742 1704 1831 teniperieS‚
1761 1741 1968 1810 citius
2037 1761 2186 1808 esse
2251 1740 2640 1820 reditur03‚
2696 1739 2987 1824 ideoque
3037 1761 3170 1807 nec

611 1829 875 1897 cibaria
923 1850 1156 1898 secum
1219 1829 1438 1899 tulere
1469 1884 1483 1910 ‚
1541 1843 1894 1916 tamquam
1945 1849 2156 1916 ocyus
2204 1828 2568 1907 reversuri,
2623 1827 2735 1896 sed
2791 1826 2996 1917 longe
3042 1827 3171 1895 ali-

612 1929 714 1986 ter
760 1938 970 2004 quam
1023 1918 1380 2006 putabant,
1425 1918 1669 1986 evenit.
1722 1923 1886 1987 Nam
1940 1938 2091 1986 mox
2138 1927 2216 1984 ut
2249 1927 2497 1985 terram
2551 1916 2850 2004 tetigere,
2906 1928 3166 2005 tempe-

613 2017 754 2074 stas
803 2004 945 2074 fera
983 2006 1267 2095 suborta
1312 2018 1435 2084 est,
1489 2028 1666 2092 quae
1716 2006 1841 2074 iter
1889 2007 1988 2074 eis
2035 2024 2242 2074 omne‘
2274 2004 2625 2073 remeandi
2658 2002 3155 2093 praecluderet.

613 2097 922 2179 Cumque
971 2116 1092 2182 per
1139 2093 1288 2161 dies
1334 2093 1595 2180 aliquot
1642 2094 1900 2162 ibidem
1951 2094 2129 2163 inter
2176 2092 2379 2161 famis
2426 2103 2490 2161 et
2537 2091 2812 2159 frivoris
2848 2091 3160 2181 pericula

614 2179 903 2250 laterent
948 2182 1116 2271 (quo
1167 2194 1394 2251 tamen
1447 2195 1751 2273 tempore
1799 2182 1902 2250 vir
1950 2183 2062 2251 Dei
2100 2203 2235 2249 non
2271 2179 2580 2249 marcida
2625 2144 2796 2248 l³uxu
2843 2180 2995 2248 ocia
3042 2201 3164 2268 ge—

611 2281 812 2349 reret,
872 2291 995 2337 nec
1046 2271 1309 2340 somnis
1358 2293 1600 2339 vacare
1648 2270 1914 2339 volebat
1965 2269 2352 2337 inertibus:
2399 2267 2512 2338 sed
2566 2290 2822 2357 pernox
2889 2268 2959 2335 in
3010 2290 3169 2336 ora-

612 2357 797 2426 tione
846 2369 1149 2447 perstare
1211 2371 1349 2429 sata
1405 2360 1586 2443 ebat)
1648 2359 1883 2427 aderat
1931 2357 2396 2428 sacratissima
2442 2356 2835 2425 Doininicae
2885 2379 2924 2424 a
2983 2356 3171 2445 pari-—

612 2445 821 2515 tionis
870 2445 1041 2515 dies,
1095 2451 1262 2515 Tum
1316 2381 1431 2515 ilie
1481 2446 1701 2517 socios
1759 2446 2037 2526 blando,
2090 2458 2162 2515 ut
2200 2443 2565 2534 jucundus
2611 2455 2816 2531 atque
2863 2466 2900 2513 a
2949 2444 3167 2514 'abilis

614 2546 783 2615 erat,
822 2555 1138 2603 sermone
1186 2533 1584 2620 alloquitur:
1620 2535 1866 2617 «Quid,
1903 2556 2090 2624 rogo,
2145 2537 2331 2603 tanta
2363 2532 2635 2689 iffinavia
2684 2547 3064 2622 torpemus,
3101 2545 3172 2602 et

610 2643 750 2690 non
784 2644 1223 2710 quacumque
1257 2623 1384 2691 iter
1419 2623 1660 2690 salutis
1700 2623 2155 2708 inquirimus?
2188 2628 2282 2690 En
2324 2634 2383 2691 te
2445 2642 2524 2689 us
2559 2621 2858 2702 nivibUS‚
2893 2621 3172 2691 nebulis

613 2711 885 2780 coelum
939 2710 1320 2790 horrescit,
1375 2713 1491 2778 aer
1540 2711 1822 2780 flatibus
1885 2711 2192 2780 adversis
2250 2710 2445 2790 furit,
2501 2709 2830 2778 fluctibus
2879 2731 3160 2796 aequor,

611 2797 753 2887 ipsi
825 2798 1061 2886 inopia
1121 2798 1533 2877 deficimus,
1598 2819 1724 2867 nec
1773 2798 1966 2866 adest
2015 2799 2221 2867 homo
2267 2799 2387 2884 qui
2437 2796 2721 2866 reficiat.
2800 2798 3168 2868 Pulsemus

610 2908 778 2976 ergo
830 2885 1201 2953 Dominum
1252 2885 1595 2975 precibus,
1653 2887 1777 2972 qui
1825 2908 1950 2955 suo
1996 2887 2346 2973 quondam
2402 2886 2657 2976 populo
2707 2886 2921 2954 maris
2969 2885 3167 2954 rubri

611 2973 795 3041 viam
847 2972 1160 3061 aperuit,
1225 2994 1523 3060 eumque
1572 2974 1639 3041 in
1694 2975 1959 3043 deserto
2011 2974 2419 3044 mirabiliter
2466 2975 2691 3065 pavit:
2735 2986 3048 3053 oranteS,
3089 2987 3172 3043 ut

612 3060 833 3130 nostri
881 3081 1158 3146 quoque
1206 3061 1614 3132 misereatui·
1660 3061 1732 3130 in
1783 3062 2134 3153 periculis.
2189 3061 2424 3144 Cred0,
2462 3063 2519 3131 si
2555 3084 2691 3132 non
2730 3075 2963 3133 nostra
2996 3062 3172 3131 sides

611 3148 887 3228 titubat,
921 3169 1055 3215 non
1105 3147 1249 3216 vult
1297 3171 1423 3220 nos
1472 3150 1807 3219 hodierna
1855 3151 1966 3220 die
2005 3152 2284 3241 jejunos
2310 3172 2736 3250 permanere,
2768 3172 2977 3237 quam
3017 3151 3175 3240 ipse

614 3257 741 3327 per
789 3247 882 3305 tot
931 3257 1009 3304 ac
1062 3248 1247 3305 tanta
1295 3260 1462 3307 suae
1512 3238 1851 3308 miracula
1900 3240 2276 3329 majestatis
2306 3238 2654 3307 illustrare
2685 3240 2974 3308 curavit:
3016 3259 3172 3328 pre-

612 3346 893 3424 corque,
951 3346 1193 3393 eamus
1240 3325 1499 3395 alicubi
1546 3339 1977 3413 quaerentes,
2034 3328 2201 3414 quid
2248 3326 2611 3416 epularum
2646 3327 2848 3396 nobis
2879 3328 2949 3395 in
3001 3349 3174 3417 gau-

612 3411 810 3480 dium
854 3434 1019 3482 suae
1050 3412 1432 3484 festivitatis
1466 3429 1813 3505 praestare
1852 3416 2247 3504 dignetur.»
2277 3421 2456 3484 Haec
2485 3416 2748 3496 dicens,
2785 3415 3024 3484 eduxit
3055 3437 3177 3484 eos

613 3499 746 3599 sub
796 3499 1047 3591 ripam,
1101 3501 1224 3569 ubi
1272 3502 1422 3592 ipse
1470 3514 1678 3572 noctu
1728 3505 1911 3594 pervi
1969 3504 2013 3572 il
2065 3525 2260 3574 orare
2307 3513 2777 3573 consueverat.
2831 3505 2922 3572 Eo
2971 3503 3176 3572 adve-

616 3600 907 3668 nientes,
950 3589 1364 3659 invenerunt
1415 3591 1544 3660 tria
1590 3591 1811 3661 frusta
1858 3592 1942 3661 de
2021 3593 2303 3661 hininae
2331 3593 2586 3673 carnis,
2624 3592 2826 3678 quasi
2862 3592 3176 3661 humano

613 3675 1001 3776 ministerio
1069 3690 1251 3747 secta
1300 3690 1365 3747 et
1426 3694 1834 3771 praeparata
1898 3615 2016 3749 adp
2033 3694 2410 3760 cocturam,
2465 3680 2798 3766 flexisque
2844 3680 3170 3780 genibUS,

612 3776 870 3854 gratias
919 3768 1208 3856 egerunt
1260 3768 1569 3837 Domino.
1626 3769 1815 3837 Dixit·
1852 3781 2079 3838 autem
2131 3768 2565 3838 Cuthbertus:
2615 3768 2937 3847 «Videtis,
2996 3769 3177 3838 dile-

616 3851 936 3952 ctissimi‚
989 3876 1167 3942 quae
1204 3855 1291 3924 sit
1323 3857 1544 3957 gratia
1591 3855 1986 3925 confidendi
2015 3869 2081 3925 et
2106 3857 2429 3947 sperandi
2458 3857 2526 3925 in
2559 3857 2871 3926 Domine.
2908 3862 3079 3926 Ecce
3108 3868 3179 3926 et

613 3940 878 4040 cibaria
928 3941 1211 4012 famulis
1244 3965 1390 4013 suis
1425 3944 1880 4034 praeparavit,
1915 3957 1980 4014 et
2014 3945 2309 4015 ternario
2341 3967 2617 4033 quoque
2650 3966 2968 4026 numer0,
3006 3960 3178 4033 quot

614 4028 864 4100 diebus
912 4028 1026 4130 bic
1075 4032 1520 4101 residendum
1573 4034 1684 4114 sit,
1738 4034 1938 4104 nobis
1986 4034 2306 4102 ostendit.
2363 4033 2626 4102 Sumite
2679 4054 2843 4123 ergo
2877 4056 3179 4103 munera

611 4136 791 4202 quae
839 4119 1029 4188 misit
1077 4120 1277 4189 nobis
1328 4120 1638 4191 Christus
1670 4176 1685 4201 ,
1737 4134 1802 4190 et
1859 4121 2188 4191 abeuntes
2236 4120 2631 4190 reficiamus
2678 4143 2828 4201 nOS,
2885 4143 3177 4191 manea-

611 4225 912 4305 musque
945 4207 1296 4298 intrepidi.
1335 4209 1731 4307 Certissima
1778 4210 1963 4279 enim
2016 4210 2218 4280 nobis
2266 4222 2419 4310 post
2469 4210 2782 4279 triduum
2832 4211 3177 4280 serenitas

608 4294 781 4363 coeli
829 4307 895 4363 et
944 4296 1156 4365 maris
1204 4295 1541 4365 adveniet.
1584 4302 1866 4368 Factum
1915 4311 2040 4380 est,
2091 4311 2172 4369 ut
2221 4298 2509 4368 dixerat:
2565 4309 2890 4368 manente
2943 4298 3176 4370 triduo

3213 109 3273 261 l
