3327 4999
1495 278 1542 296 s*

191 338 387 403 MART.
438 337 517 401 -12
1015 350 1092 398 m:
1140 351 1196 398 s.
1250 350 1562 401 Gaxoomo
1611 353 1773 400 nm
2457 336 2584 401 ⁴29

187 440 290 508 alia
326 441 386 507 in
423 438 684 513 ,eisdem
735 447 839 507 est
885 435 1107 505 verbis
1155 435 1578 507 admonitus.
1636 444 1793 508 Post
1839 438 2147 526 quinque
2190 459 2348 507 vero
2388 437 2536 508 dies
2575 437 2674 507 fe·-

185 528 275 598 bre
327 541 706 618 correptus,
771 524 1039 596 cunctis
1099 524 1429 597 fratribus
1495 527 1830 596 flentibus
1881 526 2379 615 orantibusque
2426 525 2674 597 desun-

188 630 304 686 ctus
341 630 455 686 est.

248 708 455 793 510.
511 710 589 774 In
638 704 877 774 eodem
927 702 1340 773 monasterio
1389 704 1597 773 frater
1643 704 1928 792 quidam
1981 704 2348 774 Gerontius
2397 704 2677 774 diceba-

177 805 302 863 tur:
346 795 461 881 qui
509 794 679 863 dum
730 792 921 884 gravi
971 793 1284 863 molestia
1331 815 1450 863 cor
1502 794 1642 864 oris
1692 793 1932 864 fuisset
1979 794 2373 885 depressuS‚
2440 794 2508 863 in
2578 793 2679 862 vi-

178 882 328 952 sione
370 896 711 953 nocturna
764 881 1030 951 albatos
1079 882 1259 951 viros
1306 894 1371 952 et
1416 905 1452 949 c
1485 883 1587 952 ari
1652 883 2053 952 omnimodo
2102 883 2379 954 habitus
2425 883 2495 952 in
2548 883 2676 951 hoc

175 972 360 1041 isum
429 971 923 1041 monasterium
992 970 1409 1041 descendere
1478 971 1563 1040 de
1630 973 2106 1061 superioribus
2176 972 2461 1072 aspexit.
2546 971 2678 1054 Qui

205 1084 298 1129 um
346 1083 577 1130 coram
649 1060 821 1129 lecto
863 1059 1160 1146 jacentis
1217 1061 1637 1142 assisterent,
1692 1083 1878 1130 unus
1925 1083 2163 1131 eorum
2213 1060 2424 1131 dixit:
2481 1083 2517 1128 «
2580 1060 2674 1129 Ad

159 1148 264 1218 hoc
301 1150 634 1229 venimuS,
669 1163 746 1218 ut
791 1148 877 1218 de
926 1150 1341 1219 monasterio
1389 1150 1698 1240 Gregorii
1745 1150 2081 1237 quosdam
2132 1149 2376 1220 fratres
2424 1150 2496 1219 in
2548 1148 2679 1217 mi-

159 1237 344 1307 litiam
393 1239 777 1309 mittamus.
820 1261 855 1304 >›
889 1241 1100 1324 Atque
1147 1237 1344 1307 alteri
1398 1239 1827 1328 praecipiens
1855 1294 1869 1318 ,
1909 1238 2118 1308 dixit:
2158 1261 2195 1305 «
2236 1239 2466 1309 Scribe
2499 1245 2677 1308 Mar-

155 1327 398 1410 cellum,
458 1325 1036 1407 Valentinianum,
1083 1313 1467 1417 Agnelltim‚
1534 1341 1737 1413 atque
1786 1328 1981 1407 alios
2027 1350 2324 1415 quorum
2375 1350 2501 1420 ego
2561 1349 2675 1398 co-

153 1416 496 1503 gnitionem
549 1438 688 1484 non
738 1415 978 1484 habeo.
1020 1437 1055 1482 »
1087 1416 1354 1498 Quibus
1399 1416 1708 1507 expletiS,
1749 1416 2017 1486 addidit
2044 1417 2327 1487 dicens:
2367 1440 2402 1484 «
2442 1417 2675 1487 Scribe

154 1515 208 1572 et
236 1505 673 1596 huncipsum,
708 1505 831 1594 qui
870 1526 995 1573 nos
1029 1505 1296 1593 aspicit.
1337 1528 1372 1570 »
1415 1511 1506 1573 Ex
1538 1528 1675 1592 qua
1727 1506 1985 1576 visione
2033 1505 2396 1576 Gerontius
2443 1520 2674 1576 certus

153 1593 424 1673 effectuS,
464 1593 646 1663 facto
695 1614 896 1662 mane
946 1593 1243 1663 innotuit
1291 1593 1642 1677 fratribus,
1687 1607 1853 1681 quot
1900 1608 1964 1665 et
2010 1595 2133 1682 qui
2179 1608 2406 1665 essent
2445 1618 2525 1665 ex
2564 1617 2675 1665 eo-

152 1681 286 1750 dem
335 1682 748 1753 monasterio
800 1682 1137 1763 morituri,
1177 1705 1384 1770 seque
1434 1684 1586 1753 illos
1634 1685 1964 1754 continuo
2014 1697 2443 1754 secuturum.
2501 1690 2670 1754 Cum

154 1770 246 1840 die
286 1772 488 1841 altero
538 1771 876 1864 praedicti
925 1770 1167 1841 fratres
1217 1773 1389 1841 mori
1436 1786 1834 1862 coeperunt,
1876 1787 2079 1859 atque
2112 1773 2241 1845 sub
2274 1773 2517 1843 eodem
2566 1795 2676 1842 or-

161 1859 290 1927 dine
332 1884 398 1930 se
446 1862 515 1929 in
559 1872 866 1929 mortem
916 1860 1132 1928 secuti
1181 1873 1366 1940 sunt,
1422 1884 1559 1947 quo
1608 1861 1881 1931 fuerant
1932 1863 1999 1931 in
2042 1862 2506 1952 descriptione
2553 1884 2675 1931 no-

164 1947 403 2018 minati:
456 1951 545 2019 ad
623 1964 1004 2018 extremum
1070 1970 1228 2020 vero
1283 1949 1542 2040 etipse
1613 1952 1832 2033 obiit,
1902 1951 2019 2039 qui
2089 1951 2366 2021 eosdem
2429 1951 2673 2021 fratres

165 2038 484 2109 morituros
540 2038 879 2129 praevidit
927 2038 981 2106 ⁸⁸.

242 2127 425 2210 §it
493 2127 811 2210 Quadam
885 2126 995 2196 die
1056 2149 1216 2196 cum
1282 2127 1809 2197 advenientibus
1856 2151 2081 2219 nuper
2130 2128 2673 2217 negotiatoribus

176 2213 356 2282 multa
394 2216 661 2286 venalia
712 2216 779 2284 in
831 2215 975 2284 soro
1024 2221 1370 2285 Romanae
1418 2218 1612 2285 urbis
1678 2216 1971 2287 fuissent
2022 2217 2395 2306 proposita,
2438 2216 2673 2286 multi-

171 2320 280 2398 que
316 2305 387 2373 ad
432 2304 812 2376 emendum
865 2305 1174 2391 undique
1201 2304 1762 2386 'confluxissent‚
1815 2306 2102 2400 contigit
2147 2319 2212 2375 et
2262 2305 2669 2396 Gregorium

165 2409 350 2460 nrum
397 2400 526 2463 Deo
577 2393 1070 2485 dignissimum
1126 2396 1515 2484 praeterire.
1581 2396 1711 2477 Qui
1761 2416 2047 2465 cernens
2094 2394 2273 2462 inter
2317 2394 2454 2463 alia
2501 2416 2672 2485 pue-

166 2499 252 2579 ros
289 2505 561 2573 corpore
613 2482 970 2563 candidos,
1026 2481 1245 2553 forma
1297 2484 1849 2574 pulcherrimos,
1908 2483 2100 2553 vultu
2152 2495 2518 2566 venustos,
2558 2507 2674 2554 ca—

163 2567 438 2655 pillorum
468 2593 749 2659 quoque
779 2572 993 2641 nitore
1029 2574 1451 2664 perspicuos,
1490 2597 1638 2644 esse
1684 2574 1977 2655 venales,
2020 2573 2462 2662 interrogavit
2489 2595 2671 2642 mer-

161 2669 436 2753 catorem,
464 2664 552 2731 de
580 2684 716 2747 qua
747 2662 969 2752 patria
1002 2661 1156 2731 illos
1182 2663 1544 2734 attulisset.
1579 2663 1700 2732 Ille
1733 2662 2119 2763 respondit:
2149 2667 2285 2730 «De
2311 2662 2674 2731 Britannia

165 2749 371 2830 insula,
433 2752 650 2839 cujus
709 2750 1093 2820 incolarum
1154 2752 1468 2821 omnium
1541 2752 1751 2821 facies
1818 2751 2031 2821 simili
2095 2750 2397 2820 candore
2453 2749 2673 2840 fulge-

159 2835 334 2905 scit.»
387 2838 761 2941 Gregorius
816 2839 1027 2908 dixit:
1069 2840 1505 2911 «Christiani
1542 2855 1703 2912 sunt
1750 2841 1997 2911 iisdem
2046 2838 2381 2922 insulani,
2424 2861 2514 2907 an
2558 2838 2678 2907 ad-

156 2921 264 3021 huc
314 2950 606 3019 paganis
672 2940 988 2997 tenentur
1047 2929 1400 3000 erroribus
1460 2930 1858 3019 implicati?
1906 2953 1941 2996 »
1994 2935 2323 2999 Mercator
2385 2950 2673 3019 respon-

155 3008 257 3080 dit:
290 3039 323 3081 t(
355 3022 494 3087 Non
549 3028 714 3088 sunt
761 3017 1150 3098 Christiani,
1188 3017 1304 3088 sed
1346 3020 1630 3118 paganis
1684 3032 2000 3089 tenentur
2051 3018 2312 3105 laqueis
2352 3017 2670 3087 irretiti.»

154 3102 312 3174 Tunc
354 3106 727 3197 Gregorius
774 3106 1068 3197 graviter
1117 3107 1628 3196 ingemiscens:
1697 3130 1733 3174 «
1774 3114 1919 3177 Heu
1968 3130 2091 3198 pro
2140 3106 2358 3188 dolor,
2415 3107 2666 3194 inquit,

153 3208 328 3273 quam
375 3194 779 3284 splendidas
827 3193 1035 3264 facies
1085 3195 1406 3286 princeps
1443 3196 1879 3266 tenebrarum
1931 3219 2116 3266 nunc
2153 3195 2475 3287 possidet,
2518 3208 2674 3265 tan-

154 3287 322 3366 taque
367 3282 614 3352 frontis
662 3284 926 3373 species
976 3306 1264 3353 vacuam
1314 3285 1401 3354 ab
1451 3286 1719 3355 interna
1772 3285 1883 3354 Dei
1934 3286 2155 3376 gratia
2213 3298 2510 3355 mentem
2561 3306 2675 3373 ge-

159 3379 342 3437 stat.»
393 3378 664 3443 Rursus
712 3374 1192 3463 interrogavit,
1245 3373 1428 3461 quod
1478 3387 1655 3445 esset
1704 3374 2115 3444 vocabulum
2168 3374 2393 3463 gentis
2450 3372 2665 3443 illius.
2755 3444 2760 3448 .

165 3457 449 3529 Mercator
497 3462 882 3552 respondit:
943 3485 979 3529 «
1022 3462 1221 3553 Angli
1272 3476 1623 3533 vocantur.
1668 3486 1703 3530 »
1744 3467 1820 3532 At
1868 3463 2033 3532 ille:
2090 3484 2126 3529 «
2161 3469 2357 3544 Bene,
2414 3462 2664 3549 inquit,

161 3545 316 3637 Angli
363 3551 570 3637 quasi
608 3550 858 3642 angeli,
897 3551 1061 3637 quia
1093 3551 1439 3652 angelicos
1476 3552 1707 3621 vultus
1742 3552 2017 3633 habent,
2052 3565 2117 3621 et
2158 3551 2325 3622 tales
2359 3553 2430 3620 in
2460 3551 2674 3621 coelis

157 3637 528 3726 angelorum
578 3639 770 3710 decet
816 3662 965 3709 esse
1011 3662 1348 3711 concives,
1410 3664 1445 3707 »
1497 3646 1750 3711 Iterum
1802 3663 1963 3732 ergo
2014 3641 2430 3730 interrogat,
2485 3639 2673 3728 quod

157 3742 368 3825 nornen
421 3728 706 3798 haberet
747 3729 898 3818 ipsa
946 3730 1320 3818 provincia.
1379 3736 1707 3800 Mercator
1756 3730 2148 3820 respondit:
2203 3752 2237 3795 «
2284 3729 2673 3799 Provincia-

157 3806 235 3907 les
265 3814 380 3896 illi,
420 3817 602 3886 Deiri
633 3828 1051 3887 vocantur.»
1085 3823 1161 3888 Et
1190 3820 1584 3910 Gregorius:
1623 3842 1657 3887 «
1678 3825 1875 3900 Bene,
1910 3818 2161 3907 inquit,
2196 3819 2376 3888 lleiri
2402 3819 2567 3907 quia
2593 3819 2677 3888 de

159 3918 242 3967 tra
282 3920 439 4004 sunt
477 3907 792 3989 eruendi,
827 3919 893 3976 et
924 3906 1009 3976 ad
1046 3908 1337 3998 gratiam
1374 3908 1619 3979 Christi
1653 3909 2100 3979 convocandi.
2138 3914 2272 3978 Rex
2304 3909 2461 3999 (ait)
2492 3907 2680 3979 illius

161 3996 520 4073 provinciae
551 3995 897 4082 quomodo
938 4001 1459 4086 nuncupaturi»
1494 4004 1823 4068 Mercator
1857 3997 2233 4089 respondit:
2279 4021 2315 4064 «
2350 3997 2531 4068 Aelle
2563 4020 2680 4067 vo-

163 4087 342 4177 catur.
383 4089 531 4153 »Et
571 4090 698 4155 Gre
749 4085 937 4154 orius
985 4084 1304 4155 alludens
1353 4085 1439 4155 ad
1490 4108 1765 4168 nomen,
1812 4087 2007 4157 dixit:
2042 4110 2077 4153 «
2111 4092 2310 4168 Bene,
2350 4086 2516 4174 quia
2565 4108 2681 4155 rex

168 4160 377 4240 dtcltur
405 4173 607 4242 Aelle.
642 4175 707 4243 ΑΙ
744 4174 931 4262 eluja
962 4174 1148 4244 enim
1181 4174 1249 4243 in
1284 4174 1490 4245 laude
1524 4175 1851 4245 creatoris
1884 4189 2149 4267 oportet
2183 4176 2324 4246 illis
2355 4177 2425 4245 in
2464 4175 2682 4267 parti-

169 4245 269 4324 bus
291 4258 656 4332 decantari.
679 4286 714 4330 »
745 4269 890 4333 Mox
929 4263 1157 4351 itaque
1190 4264 1523 4333 accedens
1554 4264 1638 4333 ad
1676 4265 2121 4336 Benedictum
2155 4265 2224 4301 ⁴*
2251 4264 2680 4356 Apostolicae

176 4357 342 4452 ‘uf—“Sem
369 4366 424 4405 de
443 4368 524 4406 SS.
542 4368 785 4407 Monachus
803 4366 984 4408 Mei-ulo
1005 4370 1054 4409 et
1072 4369 1269 4414 «Ioanne,
1292 4370 1705 4417 quorumbrcvem
1723 4370 1973 4412 historiam
1991 4381 2049 4412 ex
2077 4371 2180 4421 ipso
2210 4370 2255 4412 S.
2285 4371 2512 4420 Gregorio
2540 4368 2683 4409 trudi-

273 4424 291 4451 s
311 4419 354 4456 in
377 4420 660 4462 an‘rvuot..
687 4423 906 4462 Innusrn.
925 4423 999 4461 die
1029 4432 1128 4463 xvu
1148 4423 1252 4462 ἔπι).

213 4463 254 4491 ‘⁸
276 4468 312 4509 8.
334 4472 638 4515 Benedictum
655 4476 678 4514 1
697 4476 780 4524 qut
799 4476 924 4515 sedlt
942 4477 1002 4515 ab
1021 4486 1144 4517 anno
1169 4485 1351 4518 ccxxiv
1371 4476 1431 4517 ad
1450 4485 1687 4520 »Lxxvnn

299 4542 531 4600 surius
556 4573 581 4587 ·
628 4541 783 4603 Vitae
804 4544 911 4605 SS.
941 4574 966 4587 ·
993 4544 1120 4604 Vol.
1161 4544 1263 4603 111.
2485 4546 2523 4603 9
