3327 4999
712 347 843 413 516
1524 359 1606 409 1>ss
1656 363 1713 410 s.
1768 361 2056 410 runcano
2101 360 2302 410 muse.
2801 344 3052 411 MART.
3108 342 3203 412 26

626 445 1067 534 omnipotens
1102 441 1188 512 ad
1224 441 1686 512 consolandos
1726 463 1957 511 servos
2005 463 2192 517 suos,
2232 441 2320 510 ad
2368 441 2787 511 declaranda
2820 442 3047 512 sancti
3083 444 3203 513 sui

624 534 895 612 merita,
952 532 1024 600 in
1085 530 1240 621 i‘psa
1286 531 1398 600 sui
1446 531 1671 599 exitus
1718 530 1888 599 hora
1926 529 2335 599 clementiae
2368 551 2535 600 suae
2583 530 2913 621 dignatus
2960 544 3067 601 est
3117 554 3197 601 o-

626 620 944 691 stendere
990 619 1299 708 signum.
1356 623 1521 688 Nam
1575 617 1933 688 Gerfridus
2033 619 2363 704 re‘sbyteiu
2419 640 2634 707 nepos
2682 617 2891 687 simul
2925 617 3079 705 ejus
3126 632 3199 689 et

628 728 1012 787 successor,
1051 729 1210 776 cum
1250 719 1449 775 nocte
1478 706 1717 775 eadem
1750 727 1911 775 cum
1996 706 2294 776 ratribus
2341 707 2565 795 gratia
2612 706 2939 777 visitandi
2973 707 3057 775 ad
3110 709 3198 776 il-

628 797 775 865 lum
825 795 1119 865 festinus
1168 806 1623 884 properasset,
1678 804 1744 862 et
1792 793 2159 884 paululum
2205 793 2436 863 adhuc
2477 794 2745 863 itineris
2778 808 3186 875 remaneret,

628 905 804 967 cum,
840 882 1169 953 omnibus
1220 882 1497 972 pariter,
1535 882 1658 969 qui
1700 903 1937 951 secum
1986 892 2205 962 erant,
2247 881 2415 951 vidit
2456 894 2612 951 ante
2643 904 2715 951 se
2758 881 2985 951 lucem
3035 904 3192 952 ma—

629 993 838 1062 gnam
880 970 1081 1058 quasi
1132 970 1366 1061 ignem
1414 970 1486 1038 in
1537 969 1839 1040 sublime
1868 970 2355 1050 conscendere,
2388 991 2468 1040 ac
2499 981 2785 1040 cunctas
2827 980 3037 1040 tetrae
3062 992 3191 1040 no-

628 1059 758 1129 etis
809 1060 1125 1129 tenebras
1173 1059 1539 1148 effugasse.
1613 1063 1692 1127 Et
1754 1058 1983 1127 statim
2054 1078 2175 1148 per
2221 1057 2352 1127 hoc
2397 1058 2738 1128 indicium
2791 1057 3192 1148 intelligens

630 1148 853 1217 sancti
925 1169 1006 1216 ac
1054 1147 1467 1216 venerabilis
1518 1146 1735 1236 patris
1781 1145 2091 1225 obitum,
2144 1145 2329 1233 quod
2404 1145 2749 1232 reliquum
2810 1157 2958 1215 erat
3004 1148 3180 1228 viae,

629 1257 794 1304 cum
861 1255 1137 1304 summa
1204 1234 1557 1304 velocitate
1632 1235 1925 1325 peregit,
1995 1234 2369 1323 ipsumque
2432 1235 2674 1303 eodem
2733 1255 2874 1320 quo
2948 1234 3189 1304 lumen

630 1322 917 1403 viderat,
975 1335 1320 1392 momento
1384 1323 1614 1391 obisse
1661 1318 2021 1411 comperit.

719 1414 756 1499 ξ
820 1416 985 1482 8⁷2.
1039 1410 1260 1500 Igitur
1307 1409 1635 1498 discipuli
1701 1431 1835 1479 non
1890 1410 2330 1479 immemores
2378 1431 2537 1479 eum
2598 1410 3058 1500 praecepisse,
3111 1421 3192 1480 ut

628 1499 703 1568 in
754 1498 1169 1567 monasterio
1217 1497 1401 1585 quod
1456 1497 1788 1567 Werdena
1826 1498 2196 1567 vocitatum
2244 1510 2369 1577 est,
2425 1520 2633 1567 suum
2683 1520 2939 1587 corpus
2987 1519 3191 1587 sepe-

630 1586 897 1667 Uretur,
960 1587 1088 1655 hoc
1140 1586 1418 1677 populo,
1472 1598 1551 1655 ut
1603 1586 2044 1665 consentiret,
2111 1584 2529 1674 persuadere
2593 1607 2714 1655 coe
2767 1597 3009 1655 erunt:
3066 1586 3189 1657 sed

628 1675 759 1744 hoc
800 1695 1238 1761 nequaquam
1288 1674 1440 1742 fieri
1488 1673 1733 1764 potuit,
1787 1673 1954 1759 quia
2001 1673 2376 1743 multitudo
2430 1695 2607 1762 quae
2655 1697 2693 1743 a
2752 1687 3046 1752 venerat,
3102 1674 3190 1742 il-

628 1761 768 1831 lius
802 1762 1108 1831 recolens
1156 1762 1586 1831 sanctitatem
1620 1774 1687 1830 et
1718 1762 1983 1843 merita,
2020 1782 2221 1850 aegre
2268 1761 2649 1831 admodum
2699 1762 2959 1832 ferebat
2983 1785 3022 1831 a
3054 1783 3189 1831 sua

629 1849 926 1919 dioecesi
973 1848 1045 1918 in
1094 1849 1302 1919 aliam
1349 1871 1510 1918 eum
1561 1849 1963 1939 parochiam
2015 1849 2490 1938 transportari.
2545 1850 2839 1919 Proinde
2890 1851 3068 1919 inter
3104 1872 3190 1918 u—

628 1948 908 2024 trasque
956 1949 1184 2028 partes
1231 1937 1589 2018 convenit,
1643 1936 1732 2006 ad
1801 1936 2602 2027 Mimigernafordensem
2652 1938 3016 2008 ecclesiam
3065 1937 3190 2006 de-

629 2024 945 2105 ferretur,
983 2039 1048 2094 et
1085 2026 1182 2095 ibi
1216 2047 1437 2111 usque
1489 2025 1571 2094 ad
1623 2025 1997 2095 adventum
2048 2024 2279 2094 fratris
2327 2026 2479 2115 ejus
2527 2024 2929 2117 Hildigrimi
2976 2025 3190 2095 inhu-

630 2126 895 2184 matum
933 2113 1438 2200 relinqueretur
1481 2113 1601 2201 qui
1633 2112 2155 2184 Catalaunensis
2196 2113 2525 2183 ecclesiae
2571 2112 2966 2213 episcopus,
3020 2125 3189 2183 tunc

630 2201 889 2270 ibidem
943 2203 1362 2271 morabatur.
1417 2206 1700 2270 Factum
1747 2213 1850 2270 est
1900 2199 2065 2281 hoc,
2136 2212 2205 2268 et
2247 2200 2321 2268 in
2387 2201 2675 2271 ecclesia
2745 2214 3024 2272 sanctae
3074 2201 3191 2269 Dei

632 2289 987 2380 genitricis
1036 2290 1285 2358 Mariae
1333 2290 1661 2379 positum,
1697 2301 1763 2356 et
1814 2309 2066 2379 magno
2113 2288 2373 2357 honore
2420 2311 2644 2375 usque
2694 2290 2782 2358 ad
2827 2289 3193 2358 memorati

632 2378 958 2447 antistitis
992 2378 1454 2467 praesentiam
1485 2375 1909 2446 custoditum
1957 2389 2083 2447 est.
2140 2376 2262 2445 Cui
2309 2399 2471 2445 cum
2518 2377 2825 2466 primum
2886 2377 3196 2446 nuncius

639 2464 724 2535 de
772 2466 991 2536 sancti
1040 2464 1170 2534 viri
1215 2465 1412 2536 obitu
1469 2465 1797 2546 venisset,
1870 2464 2099 2534 statim
2172 2463 2259 2534 ad
2328 2464 2536 2552 Aquis
2647 2465 2989 2545 alatium,
3068 2464 3198 2535 ubi

636 2566 803 2623 tunc
834 2559 1422 2644 eratfflmperator,
1458 2552 1750 2623 festinus
1786 2553 2089 2622 tetendit.
2128 2558 2175 2621 Α
2222 2575 2361 2652 quo
2411 2574 2567 2621 man
2626 2567 2736 2623 ato
2768 2568 3075 2643 accepto,
3117 2566 3197 2623 ut

634 2642 758 2711 ubi
806 2642 1001 2711 vivus
1033 2641 1471 2711 desiderabat
1499 2655 1781 2709 sanctus
1809 2642 2189 2731 LudgeruS,
2234 2641 2330 2709 1bi
2359 2641 2789 2732 sepeliretur,
2834 2642 2947 2711 die
2975 2642 3196 2728 ferme

634 2740 789 2830 post
835 2730 1099 2800 obitum
1151 2729 1302 2817 ejus
1351 2729 2033 2810 tricesimosecundo,
2086 2729 2173 2797 ad
2224 2729 2480 2811 locum,
2517 2728 2586 2797 in
2635 2751 2775 2816 quo
2805 2729 3017 2800 frater
3038 2730 3199 2819 ejus

634 2818 1048 2887 lnhumatus
1087 2818 1513 2897 servabatur,
1553 2816 1887 2904 pervenit.

721 2908 758 2992 ἓ
813 2910 977 2977 88.
1033 2905 1272 2973 Miram
1324 2925 1467 2972 rem
1520 2902 1776 2972 dicturi
1826 2925 2113 2973 sumus:
2166 2904 2460 2974 cadaver
2496 2915 2684 2974 tanto
2719 2916 3198 2996 postmortem

637 3004 945 3082 tempore
1011 2991 1308 3061 necdum
1359 2990 1593 3077 aliqua
1618 2992 2062 3081 corruptione
2094 2991 2514 3062 dissolutum
2562 2991 2802 3073 fuisse,
2860 2994 2978 3063 sed
3022 2995 3200 3063 inte-

686 3101 841 3150 rum
890 3102 1201 3168 prorsus,
1258 3079 1432 3148 mira
1480 3078 1860 3170 fragrantia
1898 3091 2185 3149 cunctos
2231 3082 2354 3166 qui
2401 3080 2724 3160 aderant,
2790 3081 3192 3171 replevisse.

633 3103 758 3238 {ui
807 3167 1145 3237 miraculo
1186 3166 1361 3236 illud
1398 3168 1685 3237 accessit
1717 3167 1900 3268 quod
1953 3167 2339 3237 secundum
2366 3167 2518 3258 ejus
2567 3167 2998 3250 vaticinium,
3035 3191 3199 3241 san-

683 3255 870 3325 uinis
917 3255 1425 3343 aliquantulum
1478 3276 1558 3325 ex
1608 3257 1901 3325 naribus
1961 3256 2116 3345 ejus
2177 3256 2590 3346 profluxisse
2638 3256 3000 3326 inventum
3062 3271 3192 3327 est.

669 3356 870 3431 taque
914 3342 1147 3433 digne,
1199 3356 1277 3413 ut
1322 3344 1635 3413 debitum
1682 3354 1850 3422 erat,
1915 3364 2202 3431 corpore
2251 3344 2581 3424 involuto,
2628 3366 2789 3413 cum
2855 3345 3193 3415 laudibus

633 3444 698 3501 et
747 3432 1031 3521 hymnis
1077 3430 1442 3513 elevatum,
1497 3443 1562 3500 et
1619 3443 1809 3501 extra
1867 3430 2231 3499 ecclesiam
2281 3431 2539 3501 elatum
2590 3444 2715 3501 est.
2753 3433 2874 3501 Vix
2914 3447 3198 3523 ‘portam

635 3519 792 3588 atrii
826 3521 1154 3602 exierant,
1210 3542 1372 3589 cum
1424 3519 1566 3589 sive
1612 3541 1806 3599 casu,
1865 3517 2007 3588 sive
2042 3518 2256 3607 (quod
2294 3541 2405 3588 ma
2460 3519 2518 3589 is
2546 3520 2877 3590 credibile
2901 3522 3037 3610 est)
3069 3528 3202 3591 Deo

633 3607 923 3690 volente,
978 3607 1354 3695 quemdam
1403 3630 1484 3676 ex
1532 3607 1805 3676 clericis
1853 3606 1975 3693 qui
2026 3543 2596 3696 praecipueffmic
2627 3607 3064 3678 translationi
3091 3631 3203 3679 re-

636 3695 892 3766 stitisse
938 3695 1216 3776 dicitur,
1261 3695 1588 3764 feretrum
1639 3707 1777 3763 tam
1827 3694 2055 3763 valide
2105 3695 2466 3784 percussit,
2506 3707 2584 3765 ut
2612 3695 2696 3764 ad
2738 3708 2993 3766 terram
3023 3719 3205 3787 pene

633 3795 1206 3874 prosterneretur.
1272 3783 1493 3853 Mirati
1545 3804 1810 3863 ornnes,
1877 3792 1944 3851 et
1990 3782 2170 3851 beati
2220 3782 2350 3852 viri
2412 3783 2674 3853 meritis
2740 3784 2872 3854 hoc
2933 3784 3205 3855 facturn

634 3892 786 3940 esse
834 3871 1319 3961 intelligentes,
1379 3872 1449 3938 in
1503 3870 1802 3960 majores
1851 3871 1967 3938 Dei
2015 3869 2260 3939 laudes
2307 3884 2827 3942 exurrexerunt.
2868 3878 3208 3944 Persona-

635 3959 805 4028 bant
851 3959 1182 4029 hincinde
1222 3959 1686 4049 responsoria,
1743 3959 2660 4049 personabantantiphonae
2705 3972 2773 4029 et
2819 3961 3101 4050 psalmi,
3142 3974 3210 4031 et

636 4046 1011 4117 multitudo
1042 4069 1219 4134 quae
1268 4046 1487 4115 nimia
1535 4046 1622 4114 ad
1654 4045 1982 4133 exequias
2031 4047 2480 4128 confluxerat,
2536 4047 2736 4135 Kyrie
2761 4047 3044 4136 eleyson
3082 4071 3212 4140 per

636 4156 915 4205 omnem
966 4135 1147 4203 viam
1196 4134 1574 4214 alternans,
1628 4157 1793 4204 cum
1844 4154 2119 4203 summa
2154 4134 2507 4204 alacritate
2555 4135 2643 4205 ad
2692 4135 2951 4216 locum,
2990 4159 3209 4223 quem

637 4223 1156 4313 praemisimuS,
1195 4223 1416 4293 sancti
1463 4222 1775 4310 corporis
1808 4221 2091 4291 exuvias
2121 4222 2526 4313 perduxere.
2563 4228 2810 4292 Verum
2843 4224 3012 4310 quia
3044 4227 3211 4297 bea-

638 4323 752 4381 tus
802 4310 1122 4382 sacerdos
1171 4310 1403 4380 adhuc
1451 4310 1689 4379 vivens
1739 4309 2109 4400 praecepit,
2166 4331 2252 4379 ne
2304 4310 2375 4379 in
2423 4310 2714 4381 ecclesia
2762 4312 3204 4396 humaretur,

639 4398 726 4469 ad
776 4399 1194 4469 orientalem
1237 4399 1389 4489 ejus
1450 4410 1717 4488 partem
1765 4398 2012 4469 effosso
2064 4397 2407 4490 sepulcro,
2453 4399 2781 4491 lapidem,
2824 4421 3039 4489 quem
3081 4425 3211 4494 pro
