3327 4999
152 317 403 383 MART.
459 316 542 383 ⁴9
895 333 975 379 ΒΕ
1024 332 1115 380 SS.
1169 330 1536 380 LAnnoALno
1583 333 1658 378 m
1707 331 1988 380 AuAero
2485 318 2618 382 367

150 420 246 489 de
276 419 494 489 salute
539 438 778 487 eorum
828 417 1153 498 cunctati,
1201 416 1657 486 adduxerunt.
1711 415 1987 486 Videres
2045 429 2429 489 contractos
2490 420 2695 511 erigi,

142 507 536 579 illuminari
566 528 825 587 caeCOS,
877 505 1123 575 surdos
1183 517 1321 575 tam
1370 506 1669 596 recipere
1716 506 2056 589 auditum,
2121 529 2332 593 quam
2382 507 2694 580 diversos

149 597 563 688 languentes
617 595 1036 685 sospitatem.
1077 600 1249 665 Neve
1310 595 1475 664 haec
1528 595 2022 665 miraculorum
2073 595 2375 686 insignia
2415 599 2698 687 posteri-

144 688 275 757 tati
309 684 826 756 succedentium
867 682 1260 753 viderentur
1300 683 1574 764 abolita,
1627 705 1706 753 eo
1754 683 1824 752 in
1882 684 2030 753 loco
2090 706 2366 754 crucem
2422 687 2698 776 erigunt

148 775 482 933 ligrbeam,
546 774 633 843 ob
709 772 1116 842 memoriam
1187 772 1447 844 scilicet
1520 784 1915 842 sanctorum
1972 774 2262 862 posteris
2338 777 2691 845 transmit-

153 878 265 935 ten
326 885 464 933 am.

243 955 281 1040 ξ
338 957 482 1024 15.
524 956 798 1020 Factum
832 961 935 1020 est
980 959 1209 1019 autem
1247 960 1323 1019 ut
1360 971 1545 1019 unus
1574 949 1696 1035 qui
1727 971 1888 1020 cum
1914 950 2206 1019 caeteris
2232 950 2417 1021 circa
2464 950 2696 1021 locum

150 1042 477 1114 sanctuni
534 1040 986 1120 discurrebat,
1033 1039 1369 1128 puerulus
1423 1038 1806 1139 cupiditate·
1846 1039 2192 1121 seductuS‚
2254 1040 2601 1110 candelas
2637 1053 2702 1110 et

147 1131 294 1200 alia
341 1150 519 1216 quae
552 1127 787 1198 fideles
824 1151 985 1198 cum
1022 1149 1274 1217 magna
1320 1128 1676 1197 devotione
1722 1128 2186 1209 contulerant,
2242 1128 2536 1199 furando
2576 1153 2704 1200 au-

147 1219 382 1290 ferret.
424 1223 572 1301 Qua
603 1218 687 1287 de
725 1239 797 1286 re
826 1216 975 1287 sine
1009 1238 1200 1286 mora
1229 1216 1314 1285 ab
1354 1218 1634 1303 antiquo
1667 1216 1857 1287 hoste
1891 1216 2375 1286 miserabiliter
2403 1230 2504 1287 est
2541 1241 2705 1308 pos-

116 1308 125 1325 ’“
149 1330 418 1388 sessuS,
456 1328 536 1375 ac
576 1306 839 1397 integro
887 1326 1097 1375 sensu
1131 1306 1404 1396 penitus
1437 1307 1765 1396 privatus.
1821 1306 1988 1375 Inde
2037 1319 2352 1397 parentes
2385 1307 2699 1397 ejusdem

146 1397 358 1489 pueri
389 1417 550 1464 cum
591 1396 756 1464 fletu
790 1395 1004 1463 nimio
1053 1393 1539 1484 poenitentiam
1594 1406 1873 1485 agentes
1910 1405 1975 1465 et
2011 1417 2171 1464 curn
2212 1417 2422 1485 puero
2461 1396 2545 1464 ad
2598 1397 2702 1466 lo-

150 1508 319 1557 cum
384 1483 828 1564 accedentes,
904 1497 1105 1570 atque
1163 1483 1421 1552 furtum
1496 1485 1950 1565 restituentes,
2012 1483 2527 1575 integerrimam
2576 1508 2700 1575 per

152 1580 565 1645 Sanctorum
603 1573 842 1644 merita
888 1572 1426 1661 impetraverunt
1473 1573 1856 1643 sanitatem.
1894 1573 2020 1642 Sed
2063 1573 2231 1643 haec
2279 1572 2553 1663 plenius
2579 1574 2702 1643 de-

150 1662 523 1733 scribenda
572 1661 712 1731 illis
761 1662 1112 1730 committo
1173 1662 1293 1748 qui
1354 1673 1418 1730 et
1478 1673 1701 1751 partes
1748 1662 2196 1749 reliquiarum
2251 1662 2502 1732 habere
2556 1685 2702 1732 me-

153 1767 447 1825 ruerunt
492 1761 559 1820 et
608 1751 676 1819 in
712 1771 1006 1837 quorum
1038 1749 1242 1839 agelli
1281 1750 1580 1819 confinio
1610 1752 1761 1841 ipsa
1798 1762 1864 1822 et
1910 1751 2046 1820 alia
2086 1750 2303 1820 multa
2335 1752 2696 1833 miracula,

160 1841 452 1909 Domino
492 1840 888 1919 auxiliante,
932 1838 1106 1907 facta
1154 1851 1338 1908 sunt.
1379 1839 1499 1908 His
1548 1840 1777 1927 itaque
1826 1839 2139 1931 peractiS,
2178 1862 2338 1909 cum
2376 1840 2703 1927 reliquias

164 1940 521 2018 susceptas
549 1929 634 1997 ad
669 1927 1161 1998 monasterium
1211 1927 1429 1997 sancti
1487 1928 1826 1999 Trudonis
1873 1928 2272 1999 festinarent
2317 1929 2698 2019 deportare,

166 2038 307 2085 non
350 2016 567 2086 solum
620 2017 854 2099 turba,
908 2038 1139 2085 verum
1209 2016 1414 2085 etiam
1475 2017 1754 2106 palliata
1814 2017 2307 2087 monachorum
2358 2018 2703 2108 processio

163 2127 325 2175 cum
376 2107 584 2175 cereis
643 2118 707 2174 et
752 2105 822 2173 id
872 2128 1090 2205 genus
1146 2105 1568 2174 ornamentis
1624 2105 1893 2175 obviarn
1959 2108 2197 2187 ruere,
2249 2128 2365 2174 eas
2426 2106 2706 2176 honeste

165 2193 541 2283 suscipere,
581 2194 833 2263 deinde
879 2206 1061 2262 intra
1110 2194 1599 2264 monasterium
1637 2217 1910 2264 summa
1945 2216 2102 2264 cum
2139 2194 2494 2264 devotione
2540 2217 2702 2284 pro-

162 2283 498 2373 perabant
549 2283 817 2352 inferre.
855 2282 1426 2352 convenientibus
1473 2296 1701 2352 autem
1753 2282 1822 2351 in
1856 2283 2156 2353 crastino
2206 2284 2447 2365 turbis,
2485 2305 2707 2374 pauca

166 2372 251 2440 de
301 2372 566 2441 Sanctis
613 2372 696 2441 ad
748 2371 1289 2440 aedificationem
1339 2371 1712 2442 astantium
1745 2385 2198 2441 enarrantur:
2245 2371 2540 2459 dataque
2566 2384 2705 2441 tam

168 2461 428 2551 populo
479 2460 948 2531 benedictione
996 2482 1202 2547 quam
1254 2460 1387 2551 ipsi
1446 2461 1773 2532 ecclesiae
1836 2461 2284 2549 reliquiarum
2392 2461 2653 2531 ortione
2683 2517 2699 2542 ,

166 2549 254 2617 ad
306 2550 534 2619 villam
582 2573 789 2638 quam
840 2550 1331 2620 Andesbruken
1382 2550 1643 2632 dicunt,
1685 2550 2239 2641 proficiscuntur.
2286 2555 2334 2619 U
2389 2551 2411 2619 i
2457 2573 2706 2637 quam-

171 2637 335 2705 dam
384 2653 788 2721 matronam,
844 2638 1288 2730 Sigeburgem
1325 2639 1601 2709 nomine
1625 2661 1803 2725 quae
1851 2640 2075 2709 locum
2108 2638 2505 2708 eorumdem
2538 2644 2705 2708 San—

164 2738 431 2796 ctorum
482 2729 606 2797 diu
653 2729 720 2797 in
776 2728 1195 2818 praecariam
1249 2729 1537 2808 tenebat,
1602 2729 1888 2798 adeunt:
1930 2728 2369 2819 plurimaque
2415 2749 2573 2797 cum
2622 2749 2703 2797 ea

164 2828 312 2885 tum
346 2817 429 2885 de
487 2818 751 2887 Sanctis
785 2827 929 2886 tum
972 2817 1055 2885 de
1103 2839 1231 2886 sua
1265 2817 1554 2886 utilitate
1601 2817 1983 2887 conferunt.
2038 2823 2209 2886 Tum
2261 2816 2424 2885 illa:
2462 2840 2497 2882 «
2533 2821 2694 2906 Eg0,

158 2904 411 3001 inquit,
452 2927 629 2993 quae
679 2907 766 2974 de
811 2906 962 2974 istis
1003 2927 1157 2974 sum
1205 2919 1477 2996 experta
1525 2907 1593 2975 in
1650 2928 1794 2988 me,
1847 2906 2140 2976 breviter
2200 2906 2470 2975 tentabo
2518 2905 2702 2974 evol-

156 3016 339 3075 vere,
394 2994 452 3063 si
488 3011 709 3064 tamen
761 2994 951 3063 vobis
997 3004 1098 3063 est
1145 2994 1422 3066 animus
1458 2995 1748 3064 breviter
1779 2996 2072 3065 dicenda
2104 2994 2471 3064 attendere.
2528 3000 2698 3064 Nam

156 3083 232 3152 in
286 3083 496 3173 priori
547 3082 918 3153 elevatione
983 3084 1200 3151 sancti
1248 3084 1620 3153 Landoaldi
1652 3140 1667 3166 ‚
1721 3107 1883 3154 cum
1950 3106 2059 3153 me
2108 3084 2341 3152 minus
2387 3083 2701 3152 volunta-

157 3172 339 3242 riam
389 3172 894 3251 exhibuissem,
949 3170 1256 3240 febribus
1303 3186 1610 3263 correpta
1638 3227 1656 3252 ,
1715 3195 1836 3264 per
1891 3172 2150 3259 aliquot
2208 3172 2356 3241 dies
2404 3172 2695 3263 langui,

156 3261 539 3347 morboque
587 3261 806 3332 indies
855 3260 1332 3340 invalescente,
1389 3262 1717 3331 offensam
1766 3260 1994 3352 potius
2044 3261 2273 3331 Sancti
2321 3283 2528 3348 quam
2582 3281 2700 3350 pe-

158 3349 464 3418 riculum
500 3351 741 3419 mortis
786 3349 1091 3420 extimui.
1143 3355 1236 3418 Eo
1284 3349 1655 3419 infortunio
1702 3349 1774 3418 in
1825 3350 2196 3419 elevatione
2242 3350 2478 3420 beatae
2526 3353 2702 3417 Lan-

161 3437 422 3507 dradae
466 3439 729 3508 cautior
759 3440 1017 3519 effecta,
1072 3460 1180 3507 me
1219 3451 1432 3508 totum
1482 3438 1615 3529 ipsi
1661 3438 1914 3530 virgini
1965 3438 2340 3508 officiosam
2390 3437 2695 3518 reddidi,

157 3526 451 3616 ejusque
484 3528 1023 3628 suffragantibus
1071 3527 1357 3609 meritis,
1412 3530 1772 3598 sanitatem
1820 3549 2030 3615 quam
2082 3528 2324 3596 merito
2383 3525 2702 3616 perdide-

84 3630 94 3642 ·
159 3637 340 3697 ram,
394 3637 691 3705 recept.»

249 3706 288 3791 ξ
346 3710 497 3777 16;
553 3704 788 3776 Nautis
834 3705 1046 3795 igitur
1093 3704 1396 3774 studiose
1430 3705 1942 3795 navigantibuS,
1989 3727 2148 3774 cum
2201 3703 2350 3794 jam
2399 3703 2702 3790 quievis-

155 3805 334 3872 sent,
374 3807 438 3861 et
487 3793 554 3862 in
606 3816 747 3863 uno
798 3793 941 3862 loco
991 3794 1422 3878 resedissent,
1462 3794 1711 3863 accidit
1758 3805 1834 3863 ut
1879 3793 2227 3873 feretrum,
2265 3793 2336 3860 in
2368 3814 2504 3878 quo
2541 3814 2698 3862 san—

152 3894 267 3952 cta
315 3882 673 3952 Landrada
720 3883 1219 3964 continebatur,
1273 3883 1522 3952 saltum
1572 3883 1842 3952 cunctis
1888 3881 2330 3951 cernentibus
2360 3882 2576 3962 daret,
2617 3902 2696 3950 ac

158 3993 231 4040 se
280 3994 319 4040 a
353 3983 590 4040 sancto
639 3971 1028 4041 Landoaldo
1060 3984 1455 4053 removeret,
1508 3971 1843 4062 praebens
1891 3970 2300 4039 mirabiliter
2348 3981 2533 4040 tanto
2584 3991 2696 4038 sa-

156 4060 417 4129 cerdoti
466 4060 913 4130 reverentiam
961 4071 1026 4130 et
1070 4072 1563 4150 competentem
1615 4061 1969 4131 honorem.
2033 4059 2213 4129 Illud
2267 4082 2431 4130 sane
2480 4059 2694 4128 mira-

158 4148 427 4227 culum,
471 4149 652 4236 quod
705 4170 838 4217 non
891 4150 1107 4220 multo
1156 4161 1308 4239 post
1339 4150 1409 4218 in
1459 4150 1606 4240 ipso
1653 4150 1894 4219 itinere
1938 4148 2197 4219 factum
2247 4161 2349 4217 est
2394 4148 2479 4217 de
2527 4169 2698 4234 quo-

156 4237 321 4307 dam
384 4248 613 4318 nauta,
678 4260 940 4307 necnon
1000 4252 1066 4308 et
1121 4238 1331 4320 illud,
1396 4238 1578 4325 quod
1627 4239 1713 4309 de
1776 4238 1895 4308 illo
1952 4238 2232 4308 homine
2282 4260 2401 4329 per
2451 4236 2694 4335 merita

158 4337 555 4396 sanctorum
585 4327 869 4418 contigit
900 4328 1018 4415 qui
1051 4350 1167 4398 cor
1199 4328 1543 4418 perditum
1574 4341 1638 4397 et
1670 4338 1965 4397 mentem
2003 4349 2122 4418 per
2152 4349 2387 4397 eorum
2424 4326 2693 4394 miseri-

158 4416 464 4486 cordiam
513 4417 789 4507 recepit‚
830 4439 963 4487 non
1004 4430 1105 4487 est
1144 4440 1419 4490 necesse
1446 4419 1572 4488 isto
1602 4417 1674 4487 in
1701 4417 1847 4488 loco
1881 4417 2159 4508 plenius
2203 4414 2684 4507 perstringere,
