3327 4999
247 305 494 374 MART.
548 305 634 371 25
2585 303 2714 370 475

1399 542 1658 622 ITEM

466 786 596 888 DE
646 786 744 887 B.
796 692 1268 889 LA'rftoNE
1324 785 1533 888 CUM
1585 784 1966 888 DOMINO
2020 783 2569 889 CRUClFlXO
2678 911 2681 914 ⁴

782 1064 901 1109 pan
946 1064 1009 1109 n.
1061 1061 1351 1111 mmmm
1398 1061 1897 1111 canrsosronuu
1944 1059 2231 1111 sompni.

426 1170 538 1218 sssr
584 1168 849 1218 nommA
894 1169 1173 1217 muscam
1233 1170 1312 1217 na
1377 1168 1577 1218 cauca
1624 1169 1701 1217 ar
1748 1167 2034 1218 naraon
2081 1158 2163 1219 31
2215 1150 2287 1218 in
2337 1148 2450 1217 lib.
2505 1157 2615 1218 45.

330 1398 369 1471 ἓ
432 1396 510 1462 1.
563 1388 909 1460 Hodierna
960 1388 1071 1458 die
1118 1402 1348 1459 noster
1393 1391 1729 1460 Dominus
1786 1389 2112 1480 pependit
2159 1388 2230 1459 in
2278 1410 2485 1459 cruce
2546 1399 2612 1459 et
2668 1410 2796 1460 nos

235 1478 673 1549 festivitatem
722 1477 871 1565 ejus
902 1478 1121 1548 nimia
1173 1477 1432 1548 laetitia
1480 1478 1932 1560 celebremus,
1994 1491 2072 1549 ut
2116 1478 2469 1550 discamus
2517 1499 2799 1548 crucem

236 1567 448 1638 totius
495 1566 830 1657 spiritalis
859 1566 1342 1668 gratulationis
1370 1589 1519 1637 esse
1544 1566 2027 1639 substantiam.
2068 1568 2334 1638 Etenim
2362 1578 2520 1637 ante
2561 1566 2795 1657 ipsum

235 1655 653 1725 vocabulum
702 1677 932 1724 crucis
982 1676 1201 1745 poena
1246 1655 1398 1736 fuit,
1453 1656 1567 1725 sed
1620 1678 1810 1725 nunc
1855 1656 1940 1725 ad
1970 1656 2258 1747 gloriam
2312 1677 2552 1725 nuncu
2608 1665 2788 1725 atur.

238 1748 447 1813 Antea
494 1742 1093 1814 condemnationis
1140 1743 1398 1814 ferebat
1445 1744 1798 1815 horrorem
1836 1800 1851 1826 ,
1907 1766 2094 1815 nunc
2143 1743 2387 1814 salutis
2456 1745 2523 1813 in
2581 1742 2795 1813 icium

235 1843 363 1902 est.
410 1836 585 1902 Crux
635 1832 818 1901 enim
869 1832 1072 1902 nobis
1121 1833 1327 1901 totius
1387 1832 1837 1903 beatitudinis
1900 1855 2113 1903 causa
2157 1843 2282 1904 est.
2337 1837 2518 1904 Haec
2568 1853 2694 1903 nos
2754 1853 2795 1900 a

236 1920 562 1990 caecitate
639 1920 953 1990 liberavit
1019 1921 1270 1990 erroris
1301 1976 1316 2002 ,
1397 1922 1565 1990 haec
1610 1943 1647 1989 e
1696 1921 1996 1991 tenebris
2044 1921 2345 1991 reddidit
2405 1919 2569 2002 luci,
2625 1919 2796 1989 haec

237 2008 613 2079 debellatos
670 2009 883 2095 quieti
954 2008 1259 2091 sociavit,
1339 2008 1506 2078 haec
1553 2010 1888 2080 alienatos
1948 2014 2081 2079 Deo
2135 2008 2533 2098 conjunxit,
2592 2007 2797 2098 longe

237 2098 645 2169 constitutos
694 2101 826 2166 Deo
886 2098 1233 2187 proximos
1289 2098 1766 2187 praesentavit,
1818 2098 1988 2168 haec
2036 2097 2558 2188 peregrinantes
2607 2096 2792 2166 cives

235 2186 556 2267 ostendit,
601 2185 772 2256 haec
806 2185 1191 2258 discordiae
1219 2186 1601 2275 amputatio
1629 2198 1753 2268 est,
1791 2187 1958 2257 haec
2001 2186 2190 2277 pacis
2243 2186 2789 2265 firmamentum,

235 2274 408 2345 haec
474 2274 814 2344 bonorum
886 2274 1202 2345 omnium
1277 2273 1559 2344 abunda
1627 2275 1925 2366 largitio.
2009 2273 2216 2345 Istius
2288 2276 2500 2344 causa
2576 2272 2794 2344 nullis

234 2362 578 2453 angustiis
638 2362 889 2434 deserti
935 2384 1251 2433 erramus
1301 2363 1465 2450 quia
1496 2363 1650 2464 jam
1698 2364 1901 2436 nobis
1933 2364 2163 2453 campi
2214 2361 2574 2432 monstrati
2624 2374 2789 2431 sunt

235 2451 560 2522 veritatis.
606 2456 736 2522 Nec
784 2451 964 2522 aulis
1010 2451 1295 2545 regalib.
1349 2451 1659 2522 habitare
1709 2452 2158 2544 prohibemur
2181 2452 2349 2540 quia
2376 2450 2609 2522 aditus
2637 2449 2790 2540 jam

234 2541 504 2611 videtur
548 2540 893 2613 inventus:
956 2563 1081 2612 nec
1128 2541 1446 2613 ardentes
1493 2541 1778 2633 sagittas
1824 2541 2081 2612 diaboli
2122 2540 2583 2612 formidamus
2622 2539 2793 2627 quia

231 2629 453 2701 fontes
518 2628 937 2711 invenimus,
993 2631 1252 2717 quibus
1305 2651 1546 2701 earum
1594 2631 1880 2700 flamma
1925 2629 2124 2700 facile
2174 2629 2387 2720 possit
2433 2628 2788 2719 extingui:

228 2717 385 2788 ideo
431 2718 762 2788 viduitate
806 2719 1164 2789 caruimus
1191 2720 1355 2806 quia
1394 2741 1694 2810 sponsus
1737 2730 2131 2809 expectatus
2174 2717 2471 2788 advenit.
2514 2721 2786 2806 Lupum

229 2828 365 2876 non
412 2828 785 2907 possumus
834 2805 1225 2889 formidare,
1277 2808 1456 2877 bono
1502 2820 1569 2877 et
1615 2807 1931 2899 diligenti
1976 2807 2227 2878 muniti
2279 2817 2571 2897 pastore.
2621 2810 2783 2896 Ego,

231 2895 482 2981 inquit,
536 2917 690 2963 sum
742 2908 974 2985 pastor
1020 2897 1269 2966 bonuS.
1317 2897 1618 2985 Tyranni
1677 2897 1877 2988 impii
1925 2895 2330 2967 crudelitate
2379 2916 2515 2964 non
2581 2905 2791 2963 terre-

231 3005 413 3062 mur,
465 2984 809 3052 mansueti
844 2983 1048 3073 Regis
1097 2984 1402 3074 vestigiis
1458 2985 1915 3056 inhaerentes.
1997 2990 2138 3057 Hac
2192 2984 2278 3054 de
2324 3004 2537 3054 causa
2583 2981 2792 3052 hodie

228 3070 667 3162 gratulamur
712 3071 877 3158 quia
906 3073 1137 3143 crucis
1184 3072 1520 3143 beneficia
1567 3095 2061 3143 memoramur.
2747 3079 2775 3106 ·

318 3163 356 3247 ξ
421 3164 509 3231 ².
565 3159 673 3229 Sic
719 3171 785 3228 et
830 3160 1087 3230 Paulus
1120 3161 1463 3250 praecepit
1499 3174 1774 3252 propter
1822 3167 2107 3232 Crucem
2144 3161 2576 3233 festivitatem
2606 3158 2788 3229 cele-

227 3246 453 3317 brari:
493 3247 753 3316 Pascha
803 3261 1115 3318 nostrum
1165 3248 1566 3320 immolatus
1611 3263 1715 3321 est
1761 3250 2111 3320 Christus:
2164 3250 2352 3320 diem
2401 3250 2633 3336 itaque
2682 3246 2781 3317 fe-

227 3348 414 3406 stum
463 3335 929 3418 celebremuS,
986 3358 1121 3406 non
1171 3336 1240 3404 in
1294 3335 1625 3408 fermento
1691 3338 1942 3419 veteri,
2011 3360 2236 3427 neque
2297 3338 2369 3408 in
2435 3337 2776 3407 fermento

229 3423 531 3494 malitiae
576 3435 642 3494 et
692 3424 1057 3511 nequitiae,
1117 3424 1233 3496 sed
1304 3425 1373 3494 in
1432 3427 1695 3515 azymis
1743 3426 2160 3497 sinceritatis
2204 3438 2272 3496 et
2319 3425 2648 3496 veritatis.
2710 3429 2795 3494 Et

227 3512 328 3581 sic
366 3511 686 3600 adjunxit
721 3535 1030 3595 causam,
1065 3513 1233 3601 quia
1278 3515 1542 3584 Pascha
1588 3527 1903 3586 nostrum
1954 3537 2078 3605 pro
2132 3514 2335 3585 nobis
2381 3513 2792 3583 immolatus

225 3613 332 3671 est
378 3600 708 3671 Christus.
746 3600 948 3673 Vides
987 3603 1222 3672 Crucis
1270 3603 1527 3672 intuitu
1589 3613 1978 3693 perceptam
2031 3602 2405 3672 laetitiam?
2453 3607 2533 3672 In
2583 3622 2794 3671 cruce

225 3690 413 3759 enim
462 3688 863 3760 immolatus
895 3701 997 3759 est
1044 3691 1395 3761 Christus:
1449 3704 1514 3760 et
1559 3691 1683 3761 ubi
1731 3691 2138 3772 immolatio,
2178 3691 2563 3779 amputatio
2626 3712 2793 3781 pec-

225 3790 576 3848 catorum:
629 3778 751 3846 ubi
798 3779 1181 3879 amputatio
1230 3789 1694 3869 peccatorum,
1761 3779 2231 3849 reconciliatio
2300 3778 2610 3847 Domini:
2664 3779 2789 3849 ubi

228 3864 695 3935 reconciliatio
745 3866 1037 3945 Domini,
1101 3867 1199 3938 ibi
1262 3865 1612 3947 festivitas,
1679 3880 1743 3935 et
1790 3867 2018 3937 omnis
2068 3866 2463 3958 gratulatio.
2532 3866 2795 3937 Pascha

227 3963 541 4023 nostrum
575 3974 698 4043 pro
756 3954 956 4024 nobis
1012 3953 1414 4025 immolatus
1459 3969 1561 4025 est
1609 3954 1943 4037 ChristuS,
1997 3969 2063 4024 et
2111 3954 2515 4026 immolatus
2556 3955 2628 4024 in
2677 3977 2795 4025 ex-

224 4041 410 4112 celsa
455 4063 682 4111 cruce.
720 4047 981 4113 Novum
1028 4041 1243 4112 altare
1289 4045 1742 4114 constitutum
1769 4056 1894 4124 est,
1928 4058 1996 4114 et
2019 4044 2187 4131 quia
2219 4044 2648 4115 sacrificium
2676 4065 2797 4114 no-

227 4152 417 4211 vum,
470 4141 539 4199 at
589 4152 675 4200 ue
720 4131 1049 4200 omnibus
1083 4131 1562 4221 inopinatum:
1619 4154 1782 4201 nam
1807 4132 1956 4222 ipse
1986 4145 2051 4202 et
2080 4131 2509 4202 sacrificium
2542 4131 2789 4213 fuerat,

226 4229 295 4289 et
338 4240 533 4288 sacer
584 4240 683 4289 os.
740 4217 1174 4289 Sacrificium
1224 4220 1614 4292 secundum
1666 4241 1973 4310 carnem,
2035 4220 2360 4291 sacerdos
2400 4220 2793 4291 secundum

226 4307 554 4397 spiritum
602 4307 1009 4378 sanctitatis.
1066 4308 1258 4378 Idem
1311 4310 1332 4378 i
1386 4330 1459 4379 se
1498 4320 1564 4379 et
1621 4309 1971 4391 offerebat,
2016 4321 2081 4380 et
2128 4309 2564 4381 offerebatur.
2619 4308 2796 4378 Offe-

225 4396 416 4466 rebat
463 4396 849 4468 secundum
902 4397 1252 4488 spiritum,
1288 4419 1329 4470 o
1382 4398 1708 4471 erebatur
1753 4398 2140 4473 secundum
2172 4420 2478 4481 carnem,
2515 4409 2582 4469 et
2627 4394 2794 4467 audi
