3327 4999
245 352 492 416 MART.
547 352 634 415 29
1106 371 1184 416 m:
1233 370 1289 417 s.
1343 370 1649 419 EusrAsm
1697 371 1940 418 Annam
2585 357 2712 420 557

244 448 605 540 postulari.
644 447 771 519 Sed
821 470 982 518 cum
1036 449 1137 517 illi
1192 449 1363 518 nihil
1416 450 1711 540 dignum
1752 450 2073 539 synodali
2120 450 2553 522 discussione
2594 453 2806 542 objici

246 550 627 617 cernerent,
676 564 699 596 α
735 537 902 616 Alia,
941 538 1291 623 inquiunt,
1350 539 1408 606 si
1457 561 1634 625 quae
1687 539 1912 617 habet,
1957 552 2282 629 opponat.
2324 563 2359 605 »
2413 541 2808 631 Prorumpit

243 626 382 702 ille,
431 627 661 711 aitque
711 648 782 693 se
831 626 1006 695 scire
1047 625 1552 695 Columbanum
1606 650 1641 695 a
1679 641 2104 696 caeterorum
2147 648 2333 696 more
2381 628 2798 719 discrepare,

244 725 310 783 et
359 715 510 803 ipsa
559 715 923 783 Missarum
976 715 1312 783 solemnia
1363 715 1942 806 multiplicatione
2002 715 2391 784 orationum
2444 716 2546 785 vel
2596 717 2807 786 colle-

245 815 510 872 ctarum
555 801 925 882 celebrare,
965 815 1029 871 et
1080 803 1299 871 multa
1338 803 1475 872 alia
1526 804 1904 893 superflua:
1945 826 2121 890 quae
2153 826 2312 872 cum
2344 817 2622 873 auctore
2654 818 2803 873 tan-

246 912 457 976 quam
534 891 914 959 haereticas
969 892 1367 960 traditiones
1417 891 1634 961 voluit
1684 904 1761 961 ut
1833 892 2153 980 Synodus
2200 907 2657 961 execraretur.
2726 898 2811 963 Ut

245 1001 404 1047 vero
454 978 718 1047 audivit
781 980 1023 1047 beatus
1083 979 1500 1049 Eustachius
1549 979 1930 1049 haereticos
1977 979 2117 1048 dici
2166 1001 2238 1048 se
2301 1002 2602 1066 suosque
2666 1003 2809 1050 una

244 1090 404 1136 cum
459 1067 789 1158 magistro
823 1067 1269 1163 Columbano,
1325 1068 1497 1137 dixit
1543 1069 1629 1137 ad
1675 1068 2058 1157 Synodum:
2102 1094 2126 1132 α
2170 1073 2321 1148 VoS‚
2358 1090 2397 1136 o
2447 1068 2661 1138 decus
2694 1092 2804 1137 sa-

245 1155 553 1235 cerdotii,
616 1156 905 1244 probare
953 1155 1237 1236 debetis,
1292 1156 1579 1241 quinam
1632 1157 1701 1224 in
1751 1155 2063 1225 ecclesiis
2126 1156 2426 1225 veritatis
2475 1179 2554 1226 ac
2596 1157 2809 1244 justi-

245 1243 378 1312 tiae
427 1243 800 1313 seminaria
849 1244 1294 1324 constituant,
1349 1258 1414 1312 et
1461 1244 1582 1329 qui
1631 1267 1672 1313 a
1720 1245 1997 1313 veritate
2044 1254 2109 1312 et
2157 1265 2315 1312 vera
2365 1244 2697 1335 religione
2732 1268 2806 1313 a-

247 1331 424 1399 liena
480 1332 773 1399 tradant.
829 1332 1168 1417 Quicquid
1212 1331 1399 1401 enim
1434 1355 1474 1401 a
1513 1354 1758 1401 norma
1792 1333 1934 1401 veri
1972 1332 2264 1402 tramitis
2312 1332 2655 1413 dissentit,
2692 1356 2807 1402 ex·

246 1432 349 1488 tra
391 1418 730 1487 Ecclesiae
763 1441 1018 1509 corpus
1060 1421 1298 1489 haberi
1331 1421 1553 1489 debet.
1595 1426 1906 1489 Vestrum
1943 1432 2043 1488 est
2075 1419 2469 1489 discernere
2508 1422 2799 1510 objecta,

246 1530 333 1576 an
388 1508 524 1577 sint
572 1529 610 1575 a
662 1507 1173 1597 Scripturarum
1228 1509 1402 1578 serie
1451 1509 1700 1577 aliena.
1754 1532 1789 1574 »
1850 1507 2244 1597 Ajunt.illi:
2308 1530 2343 1573 «
2378 1513 2470 1576 Ex
2522 1522 2637 1578 tuo
2687 1530 2804 1577 ore

246 1616 451 1664 nosse
500 1594 847 1675 volumus,
907 1596 1090 1681 quod
1152 1597 1258 1666 his
1311 1618 1719 1685 responsum
1773 1596 2045 1665 reddaS.
2082 1619 2119 1661 »
2153 1599 2229 1663 At
2276 1595 2427 1664 ille:
2466 1620 2500 1662 «
2544 1603 2808 1682 Nequa-

244 1706 481 1770 quam,
522 1683 772 1769 inquit‚
811 1706 963 1753 reor
999 1706 1126 1774 ego
1156 1685 1579 1753 contrarium
1612 1706 1761 1753 esse
1794 1684 2134 1774 religioni,
2173 1684 2566 1766 cochleam,
2598 1706 2807 1771 quam

247 1771 679 1842 Christianus
729 1772 993 1853 lambit,
1043 1772 1141 1840 vel
1191 1773 1686 1859 quodcumque
1733 1795 1851 1841 vas
1899 1787 2020 1841 aut
2050 1772 2402 1861 poculum,
2448 1775 2679 1842 crucis
2720 1773 2811 1841 si-

245 1881 384 1950 gno
437 1860 696 1927 inuniri
729 1914 743 1939 ,
790 1883 950 1928 cum
1005 1883 1125 1949 per
1171 1861 1545 1929 adventum
1603 1860 1788 1949 signi
1853 1859 2191 1929 Dominici
2245 1859 2541 1949 pellatur
2594 1861 2804 1950 pestis

247 1948 674 2016 adversantis
705 1947 1046 2016 inimici.»
1073 1952 1540 2017 Introeuutem
1573 1970 1728 2016 vero
1760 1948 2181 2016 monachum
2212 1946 2534 2017 cellulam
2563 1948 2661 2017 vel
2698 1967 2808 2017 ex·-

247 2047 523 2104 euntem
555 2036 1030 2105 benedictione
1067 2036 1336 2104 Domini
1367 2036 1649 2116 armari,
1681 2049 1905 2104 ratum
1940 2035 2340 2125 ducojuxta
2384 2034 2571 2103 illam
2619 2036 2806 2104 Psal-

248 2124 493 2192 mistae
545 2146 772 2191 vocem
813 2147 826 2190 :
869 2127 1185 2193 Dominus
1234 2125 1518 2194 custodit
1566 2136 1627 2192 te
1682 2126 1763 2192 ab
1804 2126 1989 2191 omni
2036 2127 2242 2204 male,
2280 2125 2613 2192 custodiat
2661 2126 2810 2192 ani-

246 2235 429 2280 mam
465 2222 646 2280 tuam
687 2215 1025 2281 Dominus.
1065 2215 1384 2280 Dominus
1417 2214 1750 2279 custodiat
1789 2214 2139 2280 introitum
2192 2223 2383 2280 tuum
2427 2223 2489 2280 et
2544 2215 2810 2280 exitum

253 2311 444 2369 tuum
497 2308 586 2368 est}
636 2301 755 2369 hoc
811 2325 985 2368 noane
1039 2312 1101 2368 et
1161 2324 1370 2391 usqu-e
1433 2303 1503 2367 in
1544 2303 1845 2368 seculum
1905 2300 2044 2388 (Ps.
2107 2300 2284 2389 420)
2340 2315 2404 2369 et
2472 2299 2628 2369 licet
2677 2300 2806 2368 hoc

255 2388 337 2456 ad
391 2410 962 2474 unumquemque
1003 2389 1468 2457 Christianum
1524 2388 1739 2477 possit
1774 2386 2033 2468 referri,
2087 2401 2166 2457 ut
2213 2389 2434 2478 gratia
2476 2387 2807 2479 baptismi

256 2498 379 2567 per
427 2476 633 2545 fidem
687 2478 753 2546 in
807 2477 1182 2547 Ecclesiam
1231 2478 1499 2545 intrans
1548 2488 1878 2557 servetur,
1913 2489 1978 2546 et
2009 2498 2230 2562 usque
2269 2477 2352 2545 ad
2410 2475 2617 2545 finem
2659 2497 2809 2566 per-

257 2566 675 2634 severantiae
724 2566 953 2652 vigore
1004 2567 1340 2635 firmetur:
1397 2577 1623 2634 tamen
1675 2566 1761 2634 ad
1813 2565 2297 2651 quotidianum
2351 2579 2610 2633 motum
2664 2565 2805 2633 sive

252 2654 318 2720 in
373 2654 717 2743 ingressu,
775 2654 915 2721 sive
962 2677 1245 2744 egressu
1293 2653 1393 2721 vel
1451 2675 1824 2742 progressu
1873 2674 2442 2738 unumquemque
2493 2664 2805 2720 nostrum

247 2742 446 2831 signo
520 2742 749 2811 crucis
822 2744 1130 2822 muniri,
1185 2742 1288 2812 vel
1339 2742 1816 2810 benedictione
1866 2740 2208 2811 sodalium
2278 2740 2637 2829 roborari,
2702 2739 2805 2807 sas

247 2830 449 2898 duco.
507 2830 1146 2919 Multiplicationem
1197 2853 1353 2900 vero
1403 2830 1796 2899 orationum
1846 2830 1917 2898 in
1983 2829 2198 2899 sacris
2258 2828 2546 2906 officiis,
2601 2828 2807 2896 credo

245 2940 372 3008 ego
438 2920 767 2986 omnibus
825 2920 1134 2990 ecclesiis
1194 2919 1653 3008 proficiscere.
1714 2923 1982 2999 Quanto
2022 2918 2208 2985 enim
2259 2916 2420 3006 plus
2474 2916 2808 2985 Dominus

245 3006 627 3093 quaeritur,
673 3019 859 3075 tanto
893 3007 1048 3095 plus
1097 3007 1469 3077 invenitur:
1522 3018 1586 3075 et
1634 3028 1796 3075 cum
1845 3005 2160 3075 crebrius
2206 3005 2514 3073 oratione
2565 3003 2803 3093 pulsa-

248 3107 384 3173 tur,
430 3094 515 3161 ad
551 3094 1017 3162 miserendum
1054 3096 1444 3184 petentibus
1492 3095 1699 3163 citius
1747 3095 2103 3162 excitatur.
2141 3093 2318 3162 Nihil
2356 3093 2542 3161 enim
2579 3091 2803 3180 magis

248 3182 641 3250 desiderare
689 3181 1043 3263 debemuS,
1082 3204 1291 3268 quam
1325 3183 1620 3251 orationi
1659 3182 2088 3250 incumbere.
2128 3182 2237 3251 Sic
2272 3181 2455 3249 enim
2494 3179 2642 3270 ipse
2678 3185 2804 3262 D-o-

250 3269 488 3337 minus
535 3269 605 3335 in
656 3269 992 3357 Apostolis
1044 3292 1169 3338 nos
1218 3271 1553 3339 hortatur:
1621 3271 1910 3358 l'iqilate
1959 3281 2020 3338 et
2068 3281 2290 3349 orate,
2327 3291 2411 3338 ne
2442 3271 2705 3336 intretis
2736 3269 2809 3335 in

252 3358 705 3424 tentationem.
745 3358 853 3425 Sic
901 3368 966 3425 et
1013 3359 1372 3448 Apostolus
1421 3358 1570 3427 sine
1618 3358 2131 3426 intermissione
2179 3379 2375 3425 orare
2426 3377 2550 3424 nos
2580 3355 2799 3424 docet.

253 3445 558 3529 Denique
604 3445 831 3514 omnis
880 3467 1076 3514 sacra
1126 3447 1469 3536 scriptura
1508 3445 1594 3514 ad
1647 3450 1858 3513 Deum
1910 3444 2213 3513 clamare
2254 3443 2621 3533 nosjubet.
2670 3444 2802 3524 Qui

250 3532 437 3600 enim
489 3531 788 3600 clamare
866 3533 1201 3624 negligit,
1261 3544 1590 3618 tanquam
1650 3555 1690 3600 a
1740 3533 1988 3600 Christi
2051 3532 2383 3600 membris
2452 3553 2539 3600 ne
2591 3530 2809 3600 lectus

250 3633 315 3689 et
372 3619 749 3708 praecisuS,
800 3620 1144 3709 abjicitur.
1209 3620 1390 3690 Nihil
1440 3621 1624 3689 enim
1700 3632 1839 3688 tam
1907 3618 2076 3688 utile
2142 3631 2418 3704 tamque
2481 3641 2556 3686 sa
2591 3631 2805 3698 utare,

248 3731 459 3864 quz'im
496 3713 877 3777 Creatorem
919 3708 1495 3798 multiplicatione
1535 3729 1816 3798 precum
1860 3719 1925 3776 et
1965 3706 2361 3775 orationum
2401 3706 2813 3776 assiduitate

303 3820 348 3865 u
385 3818 560 3865 sare.

251 3820 296 3886 p
341 3887 376 3970 ξ
416 3889 574 3956 ss).
633 3885 750 3955 His
798 3897 863 3953 et
907 3883 1397 3954 consimilibus
1448 3882 1803 3973 responsis
1838 3881 2173 3953 confusus
2201 3883 2586 3973 Agrestius‚
2623 3882 2817 3952 addit

252 3972 680 4062 garrulitatis
729 3995 1002 4054 noxam,
1058 3972 1530 4041 calumniatur
1577 3971 1829 4060 capitis
1875 3992 2148 4040 comam
2200 3970 2427 4062 inepte
2479 3971 2808 4062 praecidi,

252 4061 448 4129 aliter
495 4062 960 4130 characterem
1010 4061 1327 4150 exprimi,
1400 4070 1465 4128 et
1512 4059 1600 4129 ab
1647 4060 1966 4128 omnium
2020 4072 2291 4150 recepto
2342 4081 2532 4129 more
2591 4058 2817 4128 desci-

253 4149 376 4218 sci.
434 4154 602 4218 Cum
652 4150 751 4218 sic
801 4150 917 4218 ille
967 4147 1208 4218 frivola
1257 4149 1570 4238 garriret,
1626 4170 1837 4237 sagax
1887 4147 2328 4228 Eustachius,
2369 4160 2446 4217 ut
2491 4161 2637 4218 erat
2684 4147 2818 4215 vir-

253 4248 392 4306 tute
448 4238 809 4326 patientiae
856 4250 920 4307 et
970 4238 1295 4306 scientiae
1346 4236 1668 4323 insigniS‚
1713 4236 2107 4325 respondit:
2148 4259 2184 4301 «
2220 4241 2296 4304 In
2338 4236 2582 4305 horum
2619 4257 2819 4324 prae-

251 4326 472 4392 sentia
521 4326 950 4396 sacerdotum
1006 4339 1069 4394 te
1116 4348 1241 4416 ego
1290 4326 1441 4414 ejus
1491 4323 1885 4414 discipulus
1933 4336 1999 4393 et
2047 4346 2446 4404 successor,
2485 4324 2689 4412 cujus
2741 4335 2819 4391 tu

253 4412 699 4503 disciplinam
751 4426 816 4483 et
856 4415 1170 4486 instituta
1218 4413 1536 4494 damnas,
1583 4415 1670 4482 ad
1722 4412 2040 4482 divinum
2082 4412 2438 4502 judicium
2485 4433 2648 4481 cum
2697 4410 2818 4479 illo
