3327 4999
662 317 791 382 258
1545 334 1625 380 m:
1675 334 1730 381 5.
1783 331 2157 380 ΤΗΒΟΡΗΑΝΕ
2727 315 2970 383 MART.
3027 313 3114 383 12

573 419 867 509 patriam
899 417 1186 500 distulit,
1221 428 1286 487 et
1330 439 1473 487 una
1501 440 1660 488 cum
1713 418 1918 489 sociis
1960 418 2026 486 in
2061 416 2232 497 loc0,
2268 438 2474 503 quem
2507 428 2749 487 nactus
2780 430 2903 501 est,
2942 443 3106 490 cum

571 506 981 597 supellectili
1028 529 1153 577 sua
1200 506 1531 576 consedit.
1585 512 1833 576 Verum
1882 529 2042 576 cum
2081 517 2147 576 et
2186 503 2459 596 magnis
2505 505 2851 576 caloribus
2898 520 2962 578 et
2992 508 3108 578 siti

568 595 1063 677 cruciarentur,
1102 617 1234 664 non
1271 607 1499 664 tamen
1546 595 1950 687 indignatus
1988 605 2125 676 est,
2180 616 2303 664 nec
2362 615 2578 681 aquae
2627 597 2916 685 penuria
2950 618 3112 668 sen·

566 685 846 755 tentiam
896 684 1206 767 mutavit,
1260 705 1384 753 nec
1432 684 1789 774 proprium
1824 683 2041 753 oravit
2088 683 2481 764 Dominum,
2523 696 2599 752 ut
2646 683 2759 753 siti
2799 685 3104 755 medere-

565 786 715 843 tur:
770 772 885 843 sed
938 771 1172 842 solitas
1236 771 1336 840 illi
1388 793 1623 862 preces
1671 772 2005 853 fundenS,
2072 794 2280 862 super
2344 782 2571 872 tapete
2622 774 2975 853 recubuit,
3031 787 3113 845 ut

561 883 802 930 somno
850 861 1205 951 paulisper
1249 860 1434 930 sitim
1503 861 1765 931 leniret.
1819 866 1895 931 At
1957 882 2188 930 rerum
2251 859 2775 930 admirabilium
2832 863 3114 934 effector

560 954 762 1032 DeuS,
807 948 1132 1037 juvenem
1182 950 1473 1020 intuitus
1538 962 1818 1041 propter
1864 971 1934 1019 se
1983 949 2220 1020 libenti
2283 949 2516 1018 animo
2566 949 2835 1019 labores
2883 949 3110 1021 seren-

559 1051 718 1120 tem,
774 1060 1025 1130 magno
1058 1038 1258 1107 illum
1307 1038 1643 1109 miraculo
1690 1039 2056 1109 decoravit.
2117 1039 2248 1121 Qui
2294 1038 2478 1108 enim
2528 1036 2798 1127 ingrato
2849 1041 3109 1131 populo

557 1151 638 1197 ex
685 1126 1060 1197 durissima
1091 1139 1274 1217 petra
1310 1125 1544 1197 latices
1573 1127 1841 1209 effudit,
1884 1150 2009 1198 cur
2038 1140 2230 1219 grato
2258 1125 2500 1217 juveni
2540 1128 2931 1199 necessaria
2963 1151 3103 1199 non

561 1215 1163 1286 subministraret?
1201 1220 1414 1306 Prope
1465 1216 1700 1306 igitur,
1756 1216 1878 1286 ubi
1924 1215 2040 1284 ille
2069 1216 2363 1307 jacebat,
2417 1214 2649 1284 divino
2690 1216 2898 1306 jussu
2946 1216 3101 1289 fons

563 1303 903 1375 mirabilis
958 1304 1317 1386 emanavit,
1375 1317 1693 1392 tactuque
1752 1328 1878 1375 suo
1938 1305 2051 1374 Dei
2100 1327 2374 1374 servum
2421 1304 2747 1385 excitanS,
2803 1328 2951 1375 sese
2995 1306 3102 1376 illi

560 1393 915 1486 patefecit:
949 1393 1071 1479 qui
1118 1393 1322 1464 sociis
1367 1394 1777 1476 convocatiS,
1833 1392 1981 1464 sitis
2042 1393 2423 1462 remedium
2473 1415 2513 1461 a
2561 1398 2693 1461 Deo
2742 1392 2978 1463 datum
3020 1416 3100 1463 o-

560 1482 834 1554 stendit.
888 1481 1080 1551 Cavis
1126 1482 1340 1573 igitur
1399 1482 1726 1551 manibus
1784 1504 2001 1569 aquae
2048 1482 2316 1573 copiam
2367 1481 2786 1563 haurientes,
2839 1482 3105 1553 debitas

560 1572 901 1641 bonorum
950 1571 1263 1640 omnium
1313 1569 1621 1661 largitori
1673 1576 1804 1640 Deo
1851 1570 2106 1662 gratias
2152 1581 2463 1662 egerunt.
2495 1574 2571 1638 At
2618 1591 2704 1639 ne
2750 1571 2909 1657 quis
2946 1593 3137 1662 pos—·

559 1672 662 1730 set
700 1659 1065 1750 suspicari,
1126 1681 1295 1729 casu
1342 1657 1593 1727 fontem
1643 1659 1846 1729 illum
1887 1671 2233 1751 repertum
2287 1658 2522 1739 fuisse,
2585 1671 2784 1729 nocte
2821 1674 3100 1750 repente

562 1749 662 1819 sic
693 1748 992 1830 evanuit,
1032 1758 1108 1817 ut
1155 1770 1241 1816 ne
1285 1748 1648 1838 vestigium
1698 1747 1978 1835 quidem
2027 1750 2177 1839 ejus
2233 1747 2458 1817 ullum
2507 1769 2712 1816 mane
2759 1748 3107 1836 relinque-

560 1850 771 1907 retur.
825 1841 965 1906 Hoc
999 1836 1255 1906 amoris
1301 1859 1438 1923 quo
1487 1849 1767 1907 sanctus
1815 1836 1928 1906 hic
1957 1836 2271 1927 jaminde
2304 1838 2391 1907 ab
2439 1836 2591 1937 ipsa
2637 1836 3100 1908 adolescentia

559 1931 773 1995 Deum
824 1927 1385 2015 prosequebatur,
1441 1925 1496 1994 si
1551 1947 1719 1994 num
1759 1924 1910 2006 fuit,
1967 1936 2151 1996 tanto
2202 1926 2427 2015 majus
2471 1923 2611 1995 1llis
2661 1948 2838 2012 quae
2888 1932 3106 1997 Moses

561 2014 678 2084 Dei
710 2015 1057 2104 inspector
1102 2013 1316 2083 edidit
1362 1948 1547 2101 (μισῇ
1579 2015 1725 2104 ipse
1775 2015 2095 2105 precibus
2126 2036 2207 2084 ea
2252 2013 2664 2103 impetravit,
2710 2013 2818 2083 hic
2868 2026 3098 2084 autem

557 2125 643 2172 ne
689 2103 759 2171 id
806 2102 1168 2203 postulans
1214 2103 1520 2190 quidem.
1560 2108 1911 2173 Praeterea
1957 2103 2074 2171 ille
2121 2102 2710 2171 murmurantium
2752 2100 3097 2174 adductus

560 2203 980 2271 necessnate,
1038 2193 1403 2261 Dominum
1436 2192 1521 2261 ad
1573 2191 2007 2281 largiendum
2041 2191 2359 2292 impulit:
2396 2190 2508 2260 hic
2556 2202 2783 2259 autem
2835 2193 3101 2282 patien-

558 2280 652 2350 tia
696 2292 761 2349 et
807 2280 1185 2370 gratiarum
1235 2280 1500 2350 actione
1547 2293 1749 2349 utens
1796 2302 1957 2350 cum
1999 2281 2201 2354 sociis
2248 2279 2416 2359 suis,
2507 2278 2814 2369 roprium
2869 2282 3093 2351 Domi-

558 2391 726 2438 num
778 2369 1010 2438 movit.
1067 2368 1158 2437 Ad
1210 2369 1378 2438 haec
1422 2368 1668 2438 Judaei
1714 2369 1849 2458 (ne
1900 2369 2124 2437 dicam
2182 2374 2432 2438 Mosem
2524 2389 2779 2436 munus
2827 2368 3099 2441 dubita-

558 2457 1332 2546 tionecoinquinarunt,
1367 2457 1478 2528 hic
1508 2469 1740 2528 autem
1786 2457 2049 2528 donum
2086 2456 2461 2528 honestatis
2509 2456 2856 2548 proposito
2904 2480 3095 2529 com-

560 2547 929 2616 mendavit.

646 2639 683 2723 ξ
730 2639 811 2707 S.
863 2635 1177 2705 Nondum
1228 2633 1393 2703 anni
1444 2645 1577 2704 tres
1625 2633 2139 2724 praeterierant,
2191 2655 2350 2704 cum
2400 2655 2594 2704 socer
2638 2634 2788 2722 ejus
2844 2647 2909 2705 et
2958 2641 3096 2704 Im-

558 2735 831 2816 perator
876 2747 917 2793 a
966 2723 1307 2814 praesenti
1357 2723 1575 2813 gloria
1630 2723 1906 2814 depulsi
1957 2731 2160 2803 sunt,
2217 2735 2283 2794 et
2328 2723 2413 2792 ad
2463 2721 2895 2793 domicilium
2961 2724 3096 2796 illis

556 2813 970 2883 conveniens
1018 2812 1237 2881 missi.
1294 2816 1487 2880 Irene
1535 2824 1765 2882 autem
1809 2811 2061 2882 mulier
2090 2812 2211 2882 illa
2253 2811 2445 2882 fortis
2484 2834 2644 2881 cum
2695 2810 2839 2881 filio
2876 2813 2911 2848 '⁶
2958 2818 3096 2881 Im-

555 2901 732 2992 perii
781 2900 1254 2990 gubernacula
1301 2901 1627 2991 suscepit:
1696 2901 1760 2968 si
1816 2911 2041 2970 tamen
2090 2900 2348 2971 mulier
2403 2899 2695 2969 dicenda
2743 2913 2867 2981 est,
2920 2923 3098 2988 quae

555 2989 922 3059 adversum
973 2989 1199 3059 hostes
1246 2988 2051 3080 atque⁰perturbationes
2098 2990 2362 3059 virilem
2412 2990 2726 3058 animum
2759 2991 2993 3079 gessit:
3030 3002 3097 3060 et

556 3078 913 3159 homineS‚
966 3077 1089 3165 qui
1158 3077 1489 3147 diuturno
1541 3077 1722 3148 bello
1783 3078 2415 3168 conflagraverant,
2472 3091 2616 3147 tum
2683 3077 2863 3146 inter
2907 3079 3098 3169 ipsos

554 3166 968 3246 conciliavit,
1012 3180 1156 3236 tum
1206 3166 1411 3236 etiam
1462 3172 1616 3235 Deo.
1686 3168 2171 3249 Quamobrem,
2223 3166 2561 3238 discussis
2609 3167 2859 3236 mundi
2908 3180 3098 3238 tene-

551 3256 722 3336 bris,
778 3255 1124 3325 laetiorem
1168 3255 1402 3324 omnia
1451 3253 1694 3325 faciem
1746 3268 2223 3346 susceperunt.
2279 3262 2468 3326 Tunc
2516 3254 2640 3335 sol,
2679 3255 2800 3341 qui
2848 3268 3100 3326 cuncta

554 3345 823 3425 lustrat,
859 3344 1218 3414 clariorem
1272 3343 1804 3430 liberioremque
1852 3343 2032 3414 diem
2083 3344 2345 3426 extulit,
2385 3356 2449 3413 et
2479 3365 2856 3413 moerorem
2891 3359 3097 3432 atque

556 3433 929 3515 tristitiam,
982 3454 1158 3521 quae
1205 3432 1329 3502 diu
1376 3433 1611 3502 orbem
1653 3446 2130 3523 occupaverat,
2183 3454 2463 3513 exuenS,
2500 3431 2791 3502 nitidius
2839 3432 3093 3503 illuxit.

555 3528 743 3591 Tunc
791 3522 1007 3613 igitur
1052 3543 1329 3613 sponsa,
1388 3522 1503 3590 Dei
1552 3542 1701 3592 sese
1741 3521 1959 3592 oculis
2008 3543 2286 3602 ornam,
2328 3534 2392 3592 et
2422 3521 2752 3591 castitatis
2786 3522 3100 3592 studiosa

553 3633 711 3681 cum
753 3610 938 3702 juris
985 3610 1094 3680 sui
1141 3623 1318 3681 esset
1364 3611 1622 3692 effecta,
1677 3609 1974 3692 divitias,
2009 3611 2265 3698 quibus
2312 3610 2609 3680 multum
2659 3610 3087 3692 abundabat,

553 3700 758 3769 domo
807 3699 1114 3790 protulit,
1152 3712 1218 3769 et
1247 3700 1571 3769 omnibus
1614 3698 1852 3789 inopia
1892 3699 2366 3769 laborantibus
2399 3698 2773 3770 distribuit.
2812 3698 2919 3768 Sic
2955 3722 3102 3771 una

554 3788 669 3858 Dei
717 3790 1097 3859 amantium
1150 3788 1423 3869 domus,
1482 3788 1744 3869 multis,
1779 3809 1956 3876 quae
1988 3788 2198 3858 victui
2231 3800 2426 3857 erant
2472 3787 2885 3869 necessaria,
2926 3791 3098 3858 sub-

553 3876 955 3948 ministrans
990 3934 1005 3956 ,
1068 3889 1134 3947 et
1181 3899 1566 3969 pauperum
1604 3932 1619 3958 ,
1674 3877 1794 3963 qui
1844 3899 1915 3946 se
1973 3883 2106 3947 Deo
2154 3876 2609 3956 dediderant,
2664 3875 3095 3947 calamitates

549 3966 795 4035 eximie
846 3967 1236 4047 sublevans,
1277 3971 1489 4036 Deum
1523 3966 1755 4056 ipsum
1803 3967 1925 4054 qui
1971 3988 2088 4037 eas
2135 3966 2269 4036 sibi
2318 3965 2632 4056 proprias
2670 3964 2940 4047 fecerat,
2981 3988 3094 4035 ve-

549 4054 902 4125 liementer
948 4055 1352 4126 oblectabat.

633 4146 671 4231 ξ
717 4148 812 4213 9.
870 4147 1033 4212 Cum
1084 4145 1297 4235 igitur
1344 4146 1511 4215 haec
1559 4157 1625 4214 et
1663 4143 1803 4213 alia
1851 4142 2067 4213 multa
2116 4143 2582 4234 perfecissent,
2638 4142 2757 4211 illa
2804 4142 3089 4229 quidem

548 4232 621 4301 in
676 4232 1086 4303 monasterio
1136 4233 1282 4303 suis
1328 4232 1774 4303 facultatibus
1821 4245 2215 4302 constructo
2263 4233 2468 4301 vitam
2504 4231 2666 4321 egit:
2704 4232 2817 4301 hic
2852 4242 3085 4300 autem

544 4321 631 4391 ad
660 4343 990 4412 magnum
1020 4343 1254 4391 senem
1278 4323 1503 4406 rediit,
1534 4322 1655 4410 qui
1682 4321 1870 4413 apud
1894 4321 2277 4412 Sigrianem
2308 4319 2597 4411 degebat
2624 4319 2692 4388 in
2722 4319 3082 4412 o‘ppidulQ

596 4461 623 4486 ’¹‘
654 4458 961 4502 Constantino
991 4459 1053 4501 v:

2761 4607 2776 4672 Ι,

2729 4675 2768 4803 l
