3327 4999
617 341 746 406 560
1417 355 1499 404 ΒΕ
1546 357 1602 404 s.
1654 355 1899 403 JOANNE
1946 354 2214 403 cumaeo
2693 332 2943 398 MART.
2998 331 3090 397 30

527 464 705 542 quae
752 441 907 529 ejus
955 461 1316 510 successor
1387 442 1629 510 beatus
1678 440 2151 511 waldebertus
2220 436 2520 507 firmavit
2574 444 2783 521 atque
2839 434 3089 505 aedifi-

526 542 724 600 cavit.
2092 541 2099 547 ’
2781 585 2793 594 .

617 621 654 705 ξ
717 622 868 688 13.
925 616 1228 703 Denique
1261 617 1537 686 beatum
1589 638 1671 686 ex
1719 615 1848 684 hac
1901 616 2036 684 vita
2069 613 2513 770 (praestolans
2552 612 2838 691 exitum,
2892 611 3094 680 omni

525 705 904 776 intentione
952 705 1035 773 ad
1073 703 1610 794 contemplanda
1657 705 2040 793 scripturae
2118 704 2342 771 ivinae
2390 701 2736 787 mysteria,
2791 700 2959 777 sive,
3007 711 3090 767 ut

524 808 765 864 auctor
812 793 1143 878 loquitur,
1202 794 1651 879 mysticorum
1720 791 2243 880 praeconiorum
2296 790 2714 859 documenta
2761 787 3085 885 desudat,

527 882 793 967 solique
845 887 977 950 Deo
1010 894 1236 950 mente
1267 882 1528 950 intenta
1564 901 1799 970 preces
1832 880 2131 948 fundens
2160 877 2420 967 dirigit.
2459 884 2768 963 Cumque
2787 877 2934 964 jam
2967 898 3093 965 per

525 969 906 1038 multorum
942 968 1286 1039 circulum
1326 990 1670 1038 annorum
1726 968 1854 1036 hoc
1899 968 1969 1035 in
2020 988 2226 1057 opere
2265 966 2573 1035 intentus
2622 974 2919 1042 vacaret,
2957 963 3085 1032 ad-

527 1058 715 1125 venit
764 1071 1038 1147 tempus
1086 1057 1485 1137 vocationis,
1522 1055 1875 1141 ferturque
1904 1055 2236 1125 sententia
2279 1054 2455 1140 justi
2476 1053 2765 1140 judicis,
2795 1066 2874 1121 ut
2897 1052 3088 1138 quod

527 1145 766 1216 minus
819 1166 1163 1214 annorum
1212 1145 1480 1225 circuli,
1524 1144 1815 1213 diversis
1862 1143 2351 1212 afflictionibus
2409 1140 2690 1231 peracti,
2747 1148 3089 1229 pui·gave-'-

527 1245 706 1314 rant,
776 1255 1155 1323 paucorum
1217 1233 1527 1323 corporis
1590 1232 1960 1301 infirmitas
2016 1231 2290 1301 dierum
2341 1242 2650 1299 sanaret:
2706 1227 3090 1318 interroga-

532 1334 783 1407 tusque
831 1322 1008 1389 inter
1064 1343 1322 1410 poenae
1370 1320 1691 1389 incendia
1740 1320 1871 1389 sub
1922 1320 2180 1389 visione
2239 1329 2601 1398 nocturna,
2664 1315 2723 1385 si
2781 1316 3089 1402 quadra-

523 1409 714 1499 ginta
762 1408 1033 1477 dierum
1084 1410 1307 1498 spatio
1357 1408 1593 1478 leviori
1649 1411 1867 1497 poena
1914 1406 2213 1476 cruciari
2247 1406 2428 1486 velit,
2465 1419 2586 1475 aut
2634 1405 2918 1495 triginta
2948 1406 3090 1473 ser-

533 1497 821 1566 ventiori
844 1497 1165 1566 incendio
1189 1508 1550 1597 purgatus,
1572 1496 1781 1565 vitam
1811 1497 2078 1566 beatam
2114 1495 2416 1573 functuS,
2441 1493 2668 1563 coelos
2699 1505 3083 1584 penetrare,

532 1584 647 1653 ille
702 1585 1084 1675 respondit:
1141 1585 1441 1653 «Melius
1463 1606 1635 1663 esse,
1669 1585 1986 1670 quamvis
2026 1583 2222 1651 duris
2256 1583 2444 1651 brevi
2493 1595 2798 1670 tempore
2847 1582 3117 1672 subja·⁸

531 1694 683 1741 cere
731 1672 1048 1761 flagelliS‚
1080 1695 1287 1759 quam
1335 1673 1575 1763 poenis
1623 1672 1998 1740 levioribus
2056 1671 2391 1761 prolixius
2437 1670 2784 1739 consumi.
2815 1692 2851 1735 »
2902 1670 3088 1738 Tulit

531 1782 693 1849 ergo
745 1761 1087 1850 provisam
1140 1773 1344 1848 atque
1391 1760 1675 1829 electam
1727 1760 2034 1849 corporis
2068 1780 2382 1848 poenam,
2417 1771 2484 1826 et
2520 1758 2705 1826 diem
2736 1758 3088 1827 tricesimo

530 1848 862 1917 omnibus
894 1848 1307 1927 valedicenS,
1348 1849 1535 1917 triste
1563 1848 2085 1917 remanentibus
2116 1847 2451 1917 nuncium
2484 1846 2851 1935 depromit,
2875 1868 3089 1915 suum

531 1936 786 2006 exitum
823 1938 1061 2005 eadem
1113 1937 1223 2005 die
1261 1957 1411 2007 esse
1460 1936 1800 2005 futurum.
1857 1936 2111 2004 Deinde
2160 1947 2438 2024 sumpto
2470 1935 2738 2014 viatico,
2775 1934 3088 2003 animam

530 2024 718 2092 coelo
768 2024 1088 2104 reddidit,
1126 2025 1514 2110 ardensque
1564 2023 1986 2093 desiderium
2037 2024 2332 2113 superis,
2371 2034 2437 2091 et
2486 2036 2855 2112 paternum
2906 2022 3090 2112 regi-

535 2134 690 2181 men
743 2113 1131 2182 viventibus
1200 2112 1690 2202 religionisque
1719 2111 2031 2198 exempla
2079 2111 2501 2197 relinquens,
2541 2111 2691 2200 ipse
2740 2122 2939 2199 parta
2991 2110 3092 2179 vi-

535 2200 773 2279 ctoria,
813 2200 1164 2270 coelorum
1206 2223 1417 2290 regna
1450 2200 1851 2289 penetravit,
1891 2199 2068 2270 duce
2116 2198 2405 2280 Christo,
2444 2199 2556 2268 cui
2606 2210 2708 2269 est
2755 2198 2978 2270 virtus
3025 2210 3094 2268 et

534 2287 756 2357 honor
805 2311 926 2379 per
971 2289 1208 2358 omnia
1255 2288 1490 2359 secula
1536 2288 1959 2368 seculorum,
1998 2292 2235 2357 Amen.

1096 2570 1336 2668 VlTA
1404 2570 1496 2669 B.
1566 2567 2002 2668 JOANNIS
2072 2565 2485 2667 CLlMACl

1243 2820 1284 2865 A
1332 2819 1601 2867 DANIELE
1648 2817 1947 2867 MONAOEO
1995 2817 2378 2866 CONSCRIPTA

763 3018 991 3073 Natus
1033 3028 1212 3071 anno
1254 3017 1374 3069 525
1395 3042 1474 3054 —
1503 3013 1692 3069 Obiit
1734 3015 1861 3070 605
1894 3045 1968 3054 -
1991 3015 2336 3072 Probabil.
2382 3013 2844 3073 PalaestinuS.

622 3199 657 3282 ξ
727 3203 803 3267 1.
860 3200 1208 3276 Quaenam
1256 3196 1443 3263 hunc
1492 3195 1717 3263 virum
1767 3194 2085 3264 divinum
2118 3195 2355 3265 civitas
2404 3196 2658 3276 tulerit,
2698 3208 2905 3282 atque
2932 3208 3094 3266 ante

534 3284 849 3354 coelestis
899 3283 1186 3352 militiae
1235 3282 1632 3372 gloriosam,
1671 3283 2223 3352 exercitationem
2261 3284 2675 3364 educaverit,
2714 3306 2853 3353 non
2891 3284 3094 3353 facile

531 3372 849 3450 dixerim,
893 3394 1053 3440 cum
1099 3371 1166 3439 id
1220 3372 1392 3439 milii
1444 3393 1578 3439 non
1631 3372 1799 3440 satis
1847 3371 2216 3460 diligenter
2262 3372 2690 3462 exploratum
2721 3373 2833 3442 sit.
2871 3379 3093 3455 Quae-

534 3482 694 3528 nam
734 3482 890 3528 vero
942 3461 1146 3528 modo
1195 3460 1424 3549 ipsum
1478 3459 1672 3539 ferat,
1712 3459 2146 3545 aeternisque
2184 3472 2249 3529 et
2275 3460 2790 3530 immortalibus
2819 3461 3092 3530 deliciis

531 3561 790 3638 pascat,
847 3548 1050 3647 longe
1097 3560 1254 3616 ante
1306 3569 1430 3616 nos
1479 3546 1737 3616 Paulus
1785 3547 2141 3637 expressit.
2178 3554 2293 3617 Est
2317 3549 2503 3616 enim
2533 3561 2598 3618 et
2630 3550 2776 3639 ipse
2811 3550 3094 3639 penitus

532 3636 845 3706 coelestis
895 3636 1085 3706 illius
1132 3635 1516 3704 Jerusalem
1567 3635 1850 3705 effectus
1892 3637 2277 3726 municeps,
2333 3638 2403 3705 in
2439 3659 2575 3723 qua
2607 3638 2899 3707 ecclesia
2952 3638 3095 3727 pri-

534 3725 930 3794 mitivorum
984 3736 1121 3792 est:
1174 3745 1498 3810 quorum,
1563 3723 1814 3810 inquit,
1882 3725 2307 3795 conversatio
2376 3726 2445 3794 in
2510 3725 2721 3795 coelis
2768 3738 2892 3805 est,
2967 3726 3094 3796 ubi

529 3813 779 3912 spiritu
814 3813 1306 3902 purgatissimo
1355 3824 1559 3898 atque
1593 3814 1682 3882 ab
1732 3814 1920 3881 omni
1974 3814 2259 3882 materia
2305 3825 2566 3887 remoto
2616 3814 2853 3883 divina
2905 3814 3092 3883 insa-

530 3901 857 3969 tiabiliter
896 3901 1250 3981 haurienS‚
1310 3900 1871 3990 pulchritudines
1919 3901 2300 3972 invisibiles
2339 3902 2843 3991 contemplanS‚
2877 3902 3099 3991 digna

530 3988 863 4057 sudorum
918 3989 1225 4078 praemia
1286 3988 1568 4078 recipit,
1632 3988 2088 4076 laborumque
2139 3990 2523 4059 mercedem
2573 3991 3093 4076 quietissimam

529 4076 755 4145 refert.
797 4081 963 4145 Nam
999 4077 1313 4148 coelestis
1345 4078 1540 4166 regni
1574 4078 1991 4146 haereditate
2024 4079 2303 4168 potituS,
2341 4100 2502 4147 cum
2536 4079 2675 4147 illis
2699 4081 2846 4168 jam
2880 4080 2951 4147 in
2982 4102 3099 4149 ae-

528 4174 801 4264 ternum
837 4165 1193 4255 tripudiat,
1220 4166 1595 4255 jungitque
1645 4165 1972 4235 laetitiam
2011 4188 2172 4235 cum
2222 4168 2332 4247 iis,
2385 4188 2684 4254 quorum
2738 4189 2860 4268 pes
2909 4168 3101 4238 stetit

526 4275 599 4321 m
649 4253 929 4322 directo.
978 4259 1291 4334 Quonam
1343 4275 1500 4322 vero
1549 4253 1754 4323 modo
1804 4254 2299 4325 beatitudinem
2349 4256 2552 4325 istam
2620 4256 2756 4327 sibi
2802 4278 3098 4347 compa-

530 4341 728 4423 ravit,
771 4342 921 4430 jam
971 4341 1200 4410 dicere
1246 4341 1630 4411 instituam.
