3327 4999
208 290 456 356 MART.
510 290 596 354 26
1095 306 1175 353 nn
1223 307 1279 353 s.
1334 304 1621 354 Lunonao
1670 304 1873 354 Emsc.
2549 288 2687 356 5⁴3

215 392 402 458 Inter
449 407 764 455 summos
832 395 899 454 et
947 383 1278 454 minimos
1327 386 1419 454 ita
1483 384 1758 455 medius
1805 383 2110 464 incessit,
2165 393 2243 453 ut
2288 382 2568 453 illorum
2619 384 2773 455 alti-

210 474 526 544 tudinem
597 472 1039 553 humiliaret,
1101 473 1393 542 istorum
1474 473 1923 563 dejectionem
2006 470 2437 541 sublimaret.
2503 477 2607 541 Ita
2653 495 2767 554 se,

199 563 397 653 juxta
434 560 860 652 Apostolum,
916 582 1039 650 pro
1090 560 1531 650 singulorum
1567 559 1830 630 meritis
1885 572 1951 629 et
2006 558 2426 637 utilitatibus
2474 560 2775 661 singulis

209 650 656 722 conformans
703 660 768 716 et
813 660 1169 738 coaptem,
1227 671 1448 735 neque
1496 648 1848 736 subjectos
1895 659 2132 717 contra
2172 647 2291 737 jus
2351 647 2772 719 conditionis

206 738 539 829 despexit,
595 758 818 823 neque
867 736 1209 827 praelatos
1257 749 1497 806 contra
1533 737 1849 827 justitiae
1899 736 2210 826 regulam
2264 735 2691 805 honoravit!

297 829 334 914 ξ
386 829 536 897 ²8.
590 830 875 893 Parvam
943 824 1197 893 dicturi
1259 846 1508 896 sumus
1559 846 1729 905 rem,
1783 823 1902 894 sed
1964 836 2193 892 tamen
2241 822 2326 892 ad
2377 823 2531 905 hoc,
2585 823 2770 912 quod

205 914 538 993 diximuS,
571 912 1010 1003 probandum
1047 912 1536 981 necessariam:
1563 934 1988 1069 quamquam
2024 911 2238 1011 hujus
2270 912 2517 983 raritas
2542 934 2773 983 exem-

205 1002 333 1093 pli,
388 1002 517 1070 hoc
575 1003 722 1090 ,jam
784 1001 965 1069 inter
1022 1000 1326 1068 maxima
1364 1001 1527 1091 jure
1602 1001 1784 1069 aciat
1830 1000 2174 1089 deputari.
2229 999 2511 1070 Carolus
2558 1005 2774 1081 Impe-

207 1103 398 1160 rator
442 1111 602 1158 eum
646 1088 733 1157 ad
784 1110 854 1159 se
896 1110 1020 1177 pro
1070 1086 1370 1173 quadam
1424 1088 1852 1179 reipublicae
1914 1086 2210 1157 utilitate
2265 1088 2531 1156 evocari
2584 1087 2766 1157 fecit.

211 1180 349 1261 Qui
392 1199 551 1247 cum
603 1175 990 1246 secundum
1044 1187 1489 1265 praeceptum
1541 1176 1694 1267 ejus
1728 1176 2045 1257 venisset,
2099 1187 2164 1244 et
2200 1174 2402 1264 juxta
2434 1175 2771 1266 palatium

209 1266 643 1335 mansionem
696 1263 1098 1354 accepisset,
1177 1264 1402 1354 primo
1452 1265 1683 1333 statim
1734 1285 1962 1345 mane,
2032 1262 2247 1333 misso
2297 1261 2382 1332 ad
2432 1285 2592 1333 eum
2657 1285 2771 1334 rex

209 1352 670 1433 cubiculario,
726 1352 962 1441 ipsum
1001 1351 1088 1420 ad
1140 1373 1212 1422 se
1261 1352 1493 1421 venire
1533 1351 1907 1452 praecepit.
1962 1356 2057 1420 Ea
2103 1350 2252 1441 ipse
2287 1351 2458 1420 hora
2507 1352 2771 1442 persol-

211 1442 456 1512 vendis
502 1463 584 1510 ex
634 1461 822 1509 more
871 1439 1204 1510 Cursibus
1252 1461 1411 1508 cum
1447 1462 1594 1509 suis
1629 1440 2015 1510 insistebat.
2056 1444 2364 1525 Cumque
2403 1440 2513 1508 his
2546 1439 2773 1529 exple-

213 1530 301 1600 tis
351 1551 422 1599 se
464 1540 828 1597 venturum
881 1527 1126 1596 nuntio
1190 1526 1680 1616 respondisset,
1737 1541 1802 1597 et
1865 1527 1994 1597 hoc
2043 1548 2114 1595 re
2168 1525 2187 1594 i
2230 1525 2345 1595 ille
2395 1527 2764 1607 retulisset,

212 1616 529 1688 secunda
575 1636 852 1702 quoque
896 1615 1041 1684 vice
1072 1627 1139 1683 et
1187 1615 1384 1685 tertia
1431 1615 1515 1685 ad
1549 1638 1712 1684 eum
1761 1614 2108 1685 accersien
2166 1637 2283 1684 um
2341 1614 2581 1684 misit:
2649 1613 2772 1685 sed

213 1705 332 1775 ille
388 1704 700 1773 divinum
763 1703 1133 1772 servitium
1185 1703 1456 1774 cunctis
1521 1703 1680 1772 aliis
1737 1703 1944 1773 rebus
2009 1703 2572 1793 anteponendum
2621 1723 2774 1773 esse

177 1815 356 1883 ‚non
405 1793 736 1883 ignorans
767 1845 782 1871 ,
837 1790 1122 1859 omnino
1171 1791 1404 1859 venire
1451 1790 1759 1872 distulit,
1832 1791 2051 1861 donec
2100 1803 2411 1881 coeptam
2474 1789 2773 1880 psalmo-

219 1882 406 1950 diam
449 1890 988 1951 consummaret.
1044 1884 1191 1960 Qua
1230 1878 1448 1958 finita,
1503 1878 1575 1947 in
1624 1892 2073 1979 conspectum
2124 1878 2308 1969 regis
2354 1899 2516 1946 cum
2553 1879 2776 1947 venis-

217 1982 343 2049 set,
399 1990 556 2036 eum
592 2022 607 2047 ,
662 1989 788 2035 cur
834 1967 920 2034 ad
971 1966 1343 2054 imperium
1392 1988 1601 2035 suum
1651 1989 1884 2036 venire
1931 1965 2505 2056 contempsisset,
2562 1965 2777 2034 inter-

218 2056 506 2148 rogavit.
542 2054 635 2124 Ad
686 2055 855 2124 haec
906 2053 1022 2123 ille
1068 2052 1265 2123 vultu
1311 2054 1681 2143 intrepido,
1717 2065 1943 2124 mente
1975 2052 2499 2123 constantiori*:
2537 2076 2572 2119 «
2603 2058 2767 2144 Eg0,

223 2150 628 2234 Imperator,
668 2142 920 2229 inquit,
957 2154 1154 2210 tuum
1207 2162 1480 2230 semper
1515 2155 1959 2232 praeceptum
2012 2143 2105 2210 ita
2139 2142 2206 2210 in
2244 2141 2573 2212 omnibus
2621 2162 2777 2211 exe·
2858 2215 2867 2224 ,

217 2232 577 2387 guendum
616 2231 873 2321 putavi,
914 2240 990 2299 ut
1031 2243 1257 2298 tamen
1309 2234 1522 2300 Deum
1575 2230 1701 2298 tibi
1748 2229 2008 2316 ubique
2057 2227 2584 2320 praeferendum
2635 2250 2774 2297 non

275 2320 639 2399 ubitarem,
677 2340 884 2405 quem
934 2317 1266 2387 omnibus
1313 2316 1876 2407 anteponendum
1920 2339 2162 2387 omnes
2211 2328 2497 2391 norunt,
2537 2336 2778 2387 omnes

220 2407 544 2476 fatentur.
600 2411 740 2476 Hoc
788 2418 855 2474 et
904 2405 1052 2494 ipse
1116 2404 1288 2473 mihi
1339 2405 1775 2496 praecepisti,
1830 2404 2111 2493 quando
2155 2403 2518 2495 pastoralis
2566 2425 2778 2473 curae

225 2492 738 2566 solicitudinem
802 2493 975 2563 mihi
1023 2493 1610 2563 commendabas:
1670 2505 1747 2564 ut
1794 2498 1928 2563 Deo
1979 2493 2281 2583 primum
2332 2491 2778 2562 serviendum
2832 2505 2855 2522 ⁸

224 2584 499 2653 scirem:
573 2595 724 2673 post
762 2582 931 2651 haec
979 2582 1118 2650 tuis
1180 2594 1683 2668 consequenter
1735 2581 2051 2672 imperiis
2098 2602 2584 2672 cognoscerem
2625 2600 2777 2649 esse

222 2671 868 2758 obtemperandum.
918 2675 1110 2738 Hanc
1161 2670 1262 2739 tui
1312 2669 1622 2739 mandati
1679 2670 2198 2750 auctoritatem,
2255 2668 2435 2737 hanc
2471 2666 2780 2758 justissi-

223 2781 379 2829 mae
424 2758 861 2829 discretionis
911 2756 1225 2847 regulam
1275 2771 1577 2837 secutus,
1632 2762 1847 2826 Deum
1902 2758 2022 2828 tibi
2061 2769 2128 2826 et
2172 2757 2443 2826 cunctis
2492 2757 2562 2825 in
2602 2769 2782 2824 terra

223 2848 633 2918 mortalibus
685 2845 1250 2936 praeponendum
1287 2867 1421 2914 non
1452 2846 1756 2935 ambigo:
1812 2867 2034 2932 neque
2074 2857 2271 2914 tuum
2300 2863 2451 2915 esse
2482 2841 2771 2922 credidi,

222 2936 408 3022 quod
449 2935 612 3004 huic
635 2933 942 3023 jussioni
988 2944 1055 3003 et
1102 2932 1747 3022 perspicacissimae
1804 2934 2056 3004 rationi
2104 2931 2531 3002 contrarium
2573 2942 2774 3001 esset.

224 3024 388 3094 Ideo
441 3045 573 3092 non
627 3022 855 3111 regiae
924 3020 1280 3111 potestatis
1339 3022 1410 3089 in
1460 3021 1979 3091 honorationem
2032 3032 2098 3091 et
2143 3026 2643 3110 contemptum,
2705 3029 2784 3088 ut

224 3110 545 3181 malevoli
592 3108 1093 3190 criminantur,
1166 3106 1283 3176 sed
1339 3109 1579 3198 potius
1617 3123 1898 3199 propter
1955 3121 2144 3178 tuam
2213 3108 2544 3187 salutem,
2603 3126 2784 3194 quae

226 3203 361 3267 Deo
395 3196 756 3276 debebam,
791 3195 1135 3266 exsolvere
1182 3196 1444 3264 curavi:
1497 3208 1561 3265 et
1605 3197 1701 3266 ita
1741 3209 2242 3284 consequenter
2279 3197 2366 3266 ad
2419 3208 2618 3265 tuum
2666 3213 2786 3263 ex-

226 3285 527 3376 peditior
574 3283 932 3353 servitium
984 3283 1245 3352 veni.·»
1294 3287 1487 3351 Hanc
1542 3284 1694 3370 ejas
1742 3286 2261 3385 responsionem
2313 3305 2430 3353 rex
2475 3282 2786 3373 optimus

227 3371 616 3461 amplexus:
681 3393 718 3437 «
771 3370 1038 3440 Gratias
1069 3424 1084 3452 ,
1137 3370 1410 3457 inquit,
1465 3370 1714 3441 habeto
1769 3394 2131 3462 episcope:
2184 3371 2350 3459 quia
2398 3370 2675 3457 qualem
2726 3380 2789 3437 te

229 3482 381 3530 esse
427 3458 691 3528 credidi
741 3479 1034 3548 semper,
1075 3456 1280 3527 talem
1333 3471 1395 3526 te
1443 3480 1630 3528 nunc
1679 3481 1829 3530 esse
1874 3473 2195 3544 exertus
2228 3479 2409 3527 sum.
2449 3463 2617 3527 Nam
2664 3456 2789 3526 ali-

229 3548 356 3636 qui
404 3547 687 3635 quidem
735 3544 1039 3626 suerunt,
1091 3545 1213 3631 qui
1243 3545 1373 3614 hoc
1406 3557 1603 3614 tuum
1636 3546 1896 3617 factum
1931 3570 1970 3616 a
2005 3548 2130 3617 iter
2162 3547 2342 3616 inter
2393 3544 2783 3624 retandum,

229 3648 298 3706 et
353 3636 440 3705 ad
511 3655 731 3703 meam
785 3633 1117 3722 injuriam
1180 3634 1720 3720 retorquendum
1771 3645 2130 3725 putarunt:
2183 3634 2302 3703 sed
2378 3655 2503 3715 108,
2556 3644 2633 3702 ut
2685 3643 2793 3700 ote

231 3736 393 3796 tuae
440 3721 826 3792 sanctitatis
872 3720 1148 3790 invidos
1179 3721 1416 3790 minus
1446 3720 1693 3790 deince
1749 3744 1780 3793 s
1828 3734 2061 3811 gratos
2094 3721 2386 3802 habeb0,
2422 3732 2487 3790 et
2526 3743 2623 3789 nu
2686 3719 2794 3788 ius

231 3813 591 3882 decaetero
636 3821 876 3879 contra
917 3819 980 3878 te
1013 3808 1527 3879 accusationem
1576 3831 1668 3877 au
1725 3810 1986 3879 iturum
2022 3832 2153 3891 me,
2193 3814 2324 3878 Deo
2358 3807 2646 3889 volente,
2685 3828 2794 3875 re-

231 3901 584 3991 promitto.
639 3903 739 3966 Tu
786 3908 865 3966 ut
912 3896 1246 3966 hactenus
1306 3894 1553 3977 fecisti,
1608 3897 1728 3965 Dei
1777 3918 2054 3988 semper
2098 3917 2383 3987 operare
2416 3895 2790 3976 voluntate,

229 4001 299 4058 et
347 3986 558 4057 simul
609 3985 813 4055 nobis
860 3984 1148 4054 devotus
1193 3995 1260 4054 et
1306 3983 1562 4062 fidelis,
1610 4006 1737 4075 pro
1787 3986 2004 4054 nostri
2039 3985 2316 4076 imperii
2368 3996 2552 4054 statu
2599 4003 2797 4052 orare

235 4087 605 4146 memento,
660 4079 763 4143 lta
792 4071 1079 4152 invidia,
1133 4093 1343 4158 quam
1388 4070 1585 4140 lividi
1618 4084 1858 4143 sancto
1891 4073 2062 4154 vir0,
2091 4096 2131 4142 a
2185 4073 2278 4142 ud
2309 4093 2539 4164 regem
2574 4069 2800 4140 facere

236 4164 596 4255 parabant,
634 4162 722 4232 ad
770 4161 924 4252 ejus
958 4159 1182 4252 magis
1212 4158 1400 4251 apud
1448 4181 1612 4230 eum
1662 4162 1957 4252 gratiam
1993 4175 2060 4233 et
2091 4185 2137 4254 g
2165 4161 2386 4233 oriam
2434 4158 2796 4253 profecit.»

235 4324 580 4430 ‘huogo-{Dei
601 4323 853 4366 servitium
869 4322 1116 4365 hominum
1133 4322 1364 4373 obsequio
1384 4321 1767 4374 anteponendum
1786 4323 1852 4368 sit
1868 4325 2113 4376 praeclaro
2132 4325 2260 4368 tacto
2279 4324 2327 4368 et
2342 4323 2482 4367 atoue
2503 4319 2803 4367 demonstrat

393 4457 639 4517 surius
680 4485 706 4504 ·
754 4455 918 4518 Vitae
955 4454 1063 4517 88.
1091 4485 1117 4501 -
1144 4454 1275 4516 vol.
1302 4453 1409 4514 111.
1930 4537 1951 4563 α
2562 4453 2644 4516 83
