3327 4999
666 290 794 355 494
1375 306 1453 353 nn
1499 306 1555 353 s.
1608 302 2032 355 nnamntanno
2078 306 2321 355 Annam
2737 288 2984 354 MART.
3014 288 3126 375 ,25

580 404 807 464 autem
846 391 1084 462 crebro
1131 390 1413 549 experti,
1450 391 1701 462 habere
1731 391 1928 463 illum
1957 392 2218 463 donum
2256 391 2676 483 prophetiae,
2712 390 3125 461 incunctan-

580 494 716 552 tem
764 480 989 552 verbis
1020 481 1171 570 ejus
1269 479 1421 551 dem
1473 481 2025 565 commodarunt,
2069 495 2134 552 et
2182 480 2323 563 ino,
2378 504 2515 570 quo
2566 504 2637 553 se
2700 481 3119 551 moriturum

579 571 863 652 dixerat,
898 569 1009 642 die
1057 569 1312 660 pariter
1357 572 1776 662 congregati,
1816 594 1975 643 eum
2024 571 2221 642 valde
2269 582 2622 663 rogarunt,
2661 583 2739 640 ut
2783 570 3123 659 quemad-

581 660 862 747 modum
888 661 957 729 in
982 658 1180 728 terris
1208 660 1308 731 eis
1339 658 1579 730 fuisset
1604 661 1929 752 magister
1952 658 2283 749 justitiae,
2306 662 2401 731 ita
2420 662 2490 730 in
2510 660 2718 731 coelis
2741 674 3119 818 perpetuus

580 772 716 819 non
767 748 1259 840 dedignaretur
1304 772 1453 821 esse
1500 763 1832 840 patronus
1864 764 1929 821 et
1984 750 2413 821 intercessor.
2469 756 2653 833 Quos
2701 749 2747 819 il
2780 772 2816 820 e
2874 772 3119 820 omnes

582 838 985 929 singulatim
1021 894 1035 919 ,
1088 849 1164 907 ut
1210 838 1281 907 in
1332 852 1564 911 sancto
1630 853 2109 929 permanerent
2158 840 2503 932 proposito
2552 840 2981 919 hortabatur,
3035 860 3115 910 ac

580 927 832 997 deinde
889 926 1196 1018 corporis
1258 938 1323 997 et
1390 928 1752 1018 sanguinis
1803 928 2071 1000 Domini
2120 942 2549 999 sacramento
2594 950 2743 998 sese
2791 950 3116 1019 praemu-

588 1017 821 1098 nienS,
893 1016 1095 1107 longa
1146 1016 1294 1104 jam
1343 1015 1598 1087 fractus
1644 1030 1861 1088 aetate
1891 1074 1906 1100 ,
1968 1019 2148 1089 inter
2197 1018 2399 1088 verba
2445 1017 2775 1089 orationis
2825 1017 3114 1087 feliciter

585 1106 904 1207 spiritum
956 1106 1024 1175 in
1070 1128 1316 1175 manus
1363 1106 1609 1176 efflavit
1674 1107 2155 1199 benignissimi
2216 1106 2580 1178 Creatoris:
2650 1106 3112 1177 obdormienti

585 1194 901 1273 similior,
936 1217 1146 1282 quam
1175 1193 1516 1277 morienti,
1549 1208 1826 1284 tamque
1852 1196 2121 1268 alienus
2147 1221 2186 1265 a
2215 1197 2452 1267 mortis
2482 1196 2869 1277 acerbitate,
2901 1218 3112 1282 quam

585 1284 807 1355 fuerat
834 1284 921 1353 ab
951 1284 1140 1354 omni
1188 1283 1384 1354 foeda
1420 1286 1648 1356 carnis
1682 1286 1991 1356 libidine.
2037 1286 2363 1357 Conditus
2390 1298 2619 1355 autem
2653 1300 2753 1355 est
2790 1286 2857 1355 in
2897 1285 3110 1354 eccle-

581 1374 684 1444 sia
730 1373 925 1443 Pauli
971 1372 1267 1463 Apostoli
1287 1373 1486 1463 juxta
1531 1376 1905 1445 oratorium
1956 1374 2460 1467 wandregisili,
2499 1375 2569 1445 in
2618 1375 2882 1452 abside,
2936 1396 3110 1461 quae

581 1464 796 1564 vergit
826 1461 910 1531 ad
961 1467 1305 1555 Austrum.
1361 1463 1546 1534 Multi
1582 1486 1736 1534 vero
1769 1465 1855 1535 ad
1881 1466 2031 1555 ejus
2078 1466 2428 1536 tumulum
2480 1486 2731 1554 magna
2780 1464 3112 1534 divinitus

582 1565 950 1623 sanitatum
1001 1551 1335 1621 beneficia
1375 1565 1536 1622 sunt
1575 1554 1828 1644 adepti.
3111 1621 3116 1626 .

669 1644 705 1730 ξ
755 1646 899 1714 21.
968 1646 1135 1711 Cum
1195 1653 1422 1711 autem
1466 1643 1606 1731 jam
1669 1644 1869 1713 multi
1918 1645 2275 1715 fluxissent
2321 1644 2512 1725 anni,
2567 1644 2869 1731 quadam
2923 1654 3112 1711 nocte

581 1731 1046 1812 SadrevertuS,
1097 1730 1248 1819 ejus
1294 1732 1606 1802 coenobii
1656 1733 2067 1804 venerabilis
2107 1734 2511 1811 monachus,
2566 1755 2795 1803 vocem
2847 1730 3110 1802 audivit

581 1820 1000 1911 ejuscemodi
1033 1842 1046 1886 ε
1102 1825 1328 1901 «CraS,
1381 1821 1498 1891 ubi
1550 1822 1950 1903 surrexeris,
1987 1822 2098 1892 dic
2127 1823 2364 1893 Abbati
2393 1835 2531 1904 tu0,
2568 1835 2645 1893 ut
2676 1819 2931 1911 corpus
2963 1843 3108 1889 san·

584 1910 677 1981 cti
713 1908 1153 1979 Hermelandi
1186 1909 1255 1977 in
1289 1908 1647 1981 ecclesiam
1682 1911 1862 1982 beati
1910 1912 2085 1981 Petri
2132 1917 2179 1982 Α
2230 1912 2427 1982 ostoli
2465 1911 2845 1991 transferat,
2881 1924 2949 1979 et
2993 1910 3109 1979 ho·

587 1999 870 2068 norifice
917 1998 1290 2069 admodum
1326 1999 1574 2071 condat
1599 2000 1785 2091 apud
1826 2001 2101 2071 altare.»
2132 1936 2355 2073 Assbas
2381 2024 2420 2071 a
2453 2002 2873 2081 Sadrevert0‚
2908 2020 3107 2087 quem

587 2112 712 2181 pro
761 2089 912 2177 ejus
969 2088 1325 2158 sanctitate
1373 2111 1508 2159 non
1560 2090 1995 2161 mediocriter
2041 2091 2336 2173 amabat,
2391 2089 2919 2171 haec-audiena
2976 2110 3109 2157 ma-

586 2201 723 2270 gno
785 2175 1082 2249 afficitur
1144 2178 1428 2268 gaudio,
1485 2201 1897 2268 sacrumque
1945 2180 2160 2250 sancti
2210 2178 2337 2249 viri
2384 2202 2501 2250 cor
2551 2203 2636 2251 us
2674 2201 2835 2250 cum
2889 2179 3110 2248 sarco-

586 2268 813 2359 phago
860 2267 1156 2346 elevans,
1216 2290 1373 2337 cum
1431 2269 1731 2357 hymnis,
1788 2269 2075 2339 canticis
2130 2284 2193 2338 et
2258 2268 2489 2360 lampa
2542 2269 2699 2340 ibus
2751 2269 3105 2354 thur-isque

585 2357 846 2437 suffitU,
893 2355 1220 2427 fratribus
1249 2379 1410 2426 eum
1441 2358 1953 2440 comitantibus,
1988 2380 2125 2446 quo
2155 2358 2374 2428 fuerat
2400 2360 2667 2449 jussus,
2703 2357 3106 2448 deportavit.

586 2446 701 2518 Die
738 2457 968 2518 autem
1024 2444 1214 2517 tertio
1265 2457 1449 2518 tanta
1503 2447 1892 2520 suavissimi
1928 2448 2156 2519 odoris
2205 2448 2304 2518 lra
2359 2448 2578 2518 rantia
2624 2470 2706 2518 ex
2751 2469 2831 2518 eo
2868 2468 3112 2517 monu-

583 2548 813 2608 mento
859 2536 1106 2628 erupit,
1143 2548 1215 2606 ut
1265 2537 1568 2625 primum
1618 2538 1821 2608 aedes
1870 2561 2087 2620 sacra,
2141 2538 2297 2608 dein
2353 2560 2389 2607 e
2435 2538 2838 2608 universum
2870 2558 3115 2608 coeno-

583 2626 777 2696 bium
825 2625 944 2697 illo
989 2625 1471 2717 compleretur,
1536 2639 1741 2715 atque
1788 2627 1853 2695 in
1904 2641 2217 2698 octavum
2281 2649 2500 2715 usque
2546 2627 2729 2696 diem
2781 2637 3116 2717 perpetuo

585 2716 1009 2807 perduraret.

671 2809 709 2893 ἓ
775 2810 935 2876 22.
991 2810 1294 2904 Longum
1346 2818 1522 2875 esset
1574 2806 1823 2877 referre
1871 2805 2197 2876 miracula
2240 2807 2471 2877 omnia
2518 2828 2695 2894 quae
2753 2805 2840 2874 ad
2892 2804 3116 2874 sancti

586 2895 711 2966 viri
760 2912 996 2964 sacras
1050 2893 1374 2980 reliquias
1420 2894 1752 2966 divinitus
1798 2895 2140 2966 declarata
2188 2909 2399 2967 sunt:
2453 2919 2578 2967 nos
2629 2918 2707 2965 ex
2757 2895 2843 2964 iis
2892 2916 3118 2985 pauca

584 2984 939 3054 dumtaxat
962 2984 1680 3055 commemorabimus.
1714 2986 2034 3056 Rusticus
2064 2985 2373 3073 quidam,
2411 2984 2774 3057 Sicbaldus
2804 2984 3111 3064 nomine,

585 3083 862 3144 sanctae
912 3072 1427 3144 resurrectionis
1476 3074 1830 3145 Dominico
1867 3074 1978 3144 die
2024 3074 2376 3166 flagellum
2425 3074 2741 3165 arripuit,
2777 3086 2843 3143 et
2870 3073 2959 3143 ad
3007 3095 3119 3142 ex·

586 3162 910 3232 cutienda
968 3160 1311 3232 frumenta
1375 3165 1660 3235 accessit
1706 3187 1871 3234 sane
1916 3186 2125 3251 quarn
2190 3175 2464 3235 temere.
2519 3169 2665 3236 Non*
2722 3161 3119 3233 dormitavit

588 3262 817 3323 autem
857 3251 1091 3320 divina
1136 3252 1459 3322 vindicta.
1507 3252 1743 3323 Subito
1775 3254 2127 3346 flagellum
2176 3253 2499 3324 adhaeret
2543 3253 2807 3343 manui,
2861 3263 2929 3321 et
2974 3251 3121 3321 dis·

586 3340 829 3414 solutis
878 3342 1344 3412 membrorum
1384 3342 1758 3433 juncturiS,
1801 3355 2103 3435 caputet
2134 3343 2417 3413 brachia
2464 3353 2901 3430 caeterosque
2928 3343 3120 3411 artus

587 3429 1009 3501 horrendum
1060 3429 1128 3499 in
1184 3431 1464 3502 modum
1533 3432 1855 3523 agitabat.
1909 3438 2049 3502 Non
2102 3433 2320 3523 potuit
2367 3432 2510 3503 ulla
2560 3432 2624 3500 vi
2672 3431 2772 3501 vel
2836 3429 2922 3500 ad
2972 3451 3123 3500 mo-

587 3532 899 3591 mentum
948 3541 1021 3589 se
1066 3521 1541 3612 comprimere,
1608 3544 1745 3608 quo
1795 3522 2028 3592 minus
2076 3521 2389 3592 horribili
2460 3522 2931 3592 membrorum
2992 3532 3123 3589 tre-

588 3631 779 3679 more
825 3621 1240 3698 quateretur.
1299 3609 1762 3682 Proficiscitur
1816 3611 2026 3702 igitur
2073 3616 2376 3683 Turones
2435 3610 2516 3681 ad
2590 3615 2655 3681 S.
2718 3608 3117 3688 martinum,

586 3699 788 3791 cujus
835 3698 1113 3786 quidem
1175 3698 1661 3770 intercessione
1728 3699 1794 3769 id
1846 3700 2144 3771 obtinuit
2188 3723 2228 3770 a
2279 3701 2587 3781 Domin0,
2629 3712 2707 3771 ut
2762 3700 2848 3769 fla
2902 3696 3121 3767 ellum

588 3811 666 3858 ex
699 3789 850 3878 eJus
900 3810 1111 3857 manu
1160 3789 1457 3859 exiliret:
1515 3811 1747 3860 verum
1803 3803 2052 3860 tremor
2098 3788 2214 3858 ille
2247 3790 2554 3877 corporis
2596 3788 2815 3859 nihilo
2892 3787 2989 3856 uit
3019 3809 3127 3856 re—

590 3877 887 3948 missior.
951 3883 1152 3948 Nocte
1204 3878 1509 3969 proxima
1557 3880 1642 3948 in·
1678 3878 1940 3949 somnis
1990 3879 2168 3948 videt
2233 3885 2297 3948 S.
2338 3879 2731 3958 Martinum,
2788 3876 3127 3963 auditque

592 3965 1102 4049 admonentem,
1141 3980 1217 4038 ut
1261 3967 1319 4037 si
1377 3967 1534 4037 velit
1589 3968 1676 4037 ab
1737 3967 1855 4037 illa
1902 3969 2371 4038 membrorum
2411 3967 2780 4059 agitatione
2827 3964 3121 4046 absolvi,

586 4061 985 4127 Antrensem
1035 4056 1363 4139 insulam,
1430 4062 1494 4126 S.
1533 4056 1976 4127 Hermelandi
2024 4057 2435 4128 confessoris
2486 4057 2819 4147 suffragia
2866 4055 3129 4146 petitu-

586 4168 732 4227 ruS,
783 4145 1084 4215 accedat.
1131 4146 1352 4216 Credit
1399 4145 1515 4214 ille
1562 4146 1788 4217 verbis
1825 4146 2201 4216 beatissimi
2252 4147 2543 4225 Martini,
2577 4146 3130 4232 celeriterquese

589 4233 849 4305 confert
896 4235 980 4304 ad
1030 4240 1313 4306 Antrum
1366 4234 1691 4318 insulam,
1738 4248 2253 4327 prostratusque
2277 4259 2503 4307 coram
2548 4234 2815 4305 tumulo
2847 4238 2914 4304 S.
2954 4238 3127 4303 Her-

591 4322 917 4405 melandi,
975 4323 1262 4395 salutem
1313 4347 1519 4413 quam
1568 4325 1867 4417 expetiit,
1905 4348 2039 4396 non
2090 4325 2457 4397 difficulter
2505 4323 2915 4415 impetravit.
2955 4327 3129 4394 Cum

590 4414 773 4485 enim
835 4413 1076 4484 fratres
1132 4414 1554 4504 vespertinas
1621 4415 1905 4485 Domino
1972 4415 2212 4488 laudes
2260 4414 2744 4507 persolverent,
2798 4413 3132 4504 apparuit.
