3327 4999
131 385 233 451 Ex
283 385 454 452 DEC.
514 388 594 452 to
916 406 993 454 na
1041 408 1132 455 ss.
1187 404 1360 456 ΜΕΝΑ
1409 409 1483 454 ΕΤ
1530 407 1730 458 sociis
1779 409 1890 455 uu.
2462 391 2588 456 739

127 501 213 571 et,
267 491 327 560 si
372 490 650 578 quando
699 491 953 572 liceret,
1000 513 1122 582 pro
1172 492 1436 565 Christo
1470 494 1611 583 pati
1662 506 1949 563 mortem
1991 503 2319 650 lprompto
2358 504 2424 563 et
2456 494 2671 565 alacri

129 579 383 649 animo.
429 585 596 650 Nam
643 602 803 650 cum
855 580 970 649 ille
1006 580 1288 668 quidem
1345 604 1503 651 cum
1574 581 1780 651 rebus
1843 582 1984 673 pub
2018 581 2143 652 icis
2193 605 2345 672 ipso
2393 604 2669 670 quoque

129 668 483 759 dignitatis
515 667 697 739 fastu
744 672 1013 750 exutuS,
1073 682 1283 739 totum
1335 671 1556 740 forum
1608 670 1828 741 obiret
1876 672 2160 742 honesto
2208 681 2273 740 et
2324 671 2672 741 moderato

130 757 428 836 incessu,
467 769 532 826 et
581 769 760 828 totus
810 780 1081 845 quoque
1128 757 1266 827 sere
1318 760 1616 850 populus
1646 759 1879 849 ipsum
1928 773 2486 848 consequeretur,
2523 782 2677 850 pro-

128 858 278 936 pter
324 846 769 916 reverentiam
808 846 1255 936 magistratus
1301 861 1366 917 et
1415 849 1776 947 signorum
1838 861 1902 917 et
1949 850 2427 919 curationum:
2482 870 2675 917 acce-

129 934 316 1003 deret
362 946 588 1004 autem
632 934 800 1004 forte
840 935 1137 1015 fortuna,
1172 948 1250 1005 ut
1298 937 1444 1026 ipse
1494 936 1827 1006 incideret
1867 938 1934 1006 in
1987 949 2323 1027 aegrotoS,
2371 949 2490 1006 aut
2539 936 2678 1005 illis

128 1035 535 1104 occurreret,
600 1024 857 1111 quibus
905 1035 1050 1093 erat
1095 1044 1349 1114 corpus
1398 1024 1630 1112 aliqua
1702 1036 1891 1115 parte
1946 1025 2297 1105 mutilum,
2357 1024 2472 1094 ille
2519 1025 2676 1111 qui-

130 1111 285 1181 dem
339 1112 655 1201 protinus
697 1114 1109 1183 cernebatur
1158 1113 1391 1184 animo
1440 1114 1908 1203 perturbatus,
1973 1127 2037 1183 et
2087 1135 2340 1183 manus
2396 1114 2495 1182 eis
2547 1114 2679 1182 im-

129 1201 451 1291 ponebat,
487 1213 552 1270 et
600 1201 944 1271 Christum
995 1201 1375 1284 invocabat,
1422 1215 1486 1272 et
1541 1202 1742 1293 signo
1792 1201 2027 1272 Crucis
2075 1202 2509 1292 obsignabat.
2566 1201 2674 1271 Illi

126 1311 287 1358 vero
337 1311 497 1358 cum
547 1302 774 1359 essent
821 1290 1104 1372 claudi,
1177 1291 1406 1361 statim
1467 1291 1811 1361 saltabant
1859 1290 2186 1361 omnibus
2234 1290 2674 1360 videntibus:

128 1377 326 1447 surdi
374 1391 606 1447 autem
668 1392 733 1447 et
780 1380 989 1459 caeci,
1044 1380 1362 1468 protinus
1429 1379 1753 1451 videbant
1799 1393 1865 1450 et
1910 1379 2309 1459 audiebant,
2365 1379 2678 1466 mutique

126 1465 613 1554 loquebantur,
666 1479 731 1536 et
778 1467 1210 1537 daemoniaci
1261 1469 1709 1538 curabantur.

217 1559 252 1641 ξ
311 1558 395 1627 4.
452 1559 617 1623 Cum
668 1556 837 1625 haec
883 1578 1045 1647 ergo
1085 1556 1347 1644 fierent,
1401 1570 1465 1627 et
1514 1569 1910 1647 precaretur
1942 1556 2223 1643 quidem
2260 1556 2502 1626 beatus
2540 1560 2675 1626 Me-

128 1665 297 1712 nas:
351 1642 437 1711 ad
476 1644 1223 1713 invocationeS›autetn
1275 1657 1764 1716 concurrerent
1811 1666 2016 1714 omne
2064 1666 2287 1746 genus
2336 1643 2675 1713 miracula

124 1731 602 1822 (manifestum
654 1733 841 1802 enim
871 1745 1014 1802 erat
1063 1734 1148 1804 iis
1196 1734 1314 1820 qui
1366 1734 1572 1803 simul
1624 1733 2128 1820 aderant,qu1s
2177 1733 2405 1803 solum
2453 1732 2680 1801 nomi-

124 1830 333 1889 natus
358 1820 609 1890 faceret
643 1821 999 1903 miracula,
1028 1832 1093 1891 et
1121 1821 1302 1909 quod
1344 1844 1477 1891 non
1510 1833 1654 1892 erat
1683 1820 1889 1902 aliuS,
1927 1822 2062 1893 nisi
2097 1820 2409 1892 Christus
2437 1820 2670 1910 Deus),

124 1930 504 1999 erumpens
554 1921 829 1999 repente
886 1909 1208 1980 universa
1275 1909 1511 1980 civitas
1560 1933 1599 1979 a
1648 1909 2019 2000 majorum,
2074 1910 2143 1978 in
2193 1931 2332 1998 qua
2394 1908 2677 1979 enutriti

125 1996 423 2078 fuerant,
469 1995 892 2097 deceptione,
945 2010 1010 2068 et
1058 1998 1315 2088 patrios
1372 1999 1652 2086 quidem
1705 1998 1869 2069 deos
1917 1998 2217 2069 multum
2268 1996 2668 2078 ludificans,

124 2085 346 2156 multa
398 2108 553 2156 vero
592 2085 832 2156 dicens
864 2086 1191 2157 adversus
1242 2093 1757 2178 Imperatorem,
1814 2098 1880 2156 et
1907 2086 2317 2176 gravissime
2348 2106 2677 2156 execrans

127 2185 269 2244 tam
303 2196 418 2243 eos
465 2174 586 2262 qui
633 2175 894 2256 colunt,
929 2198 1137 2262 quam
1188 2198 1266 2245 ea
1312 2198 1489 2264 quae
1526 2175 1877 2256 coluntur,
1921 2187 1986 2244 et
2028 2187 2162 2245 toto
2192 2175 2428 2244 animo
2476 2174 2679 2263 abju-

126 2284 292 2331 rans
341 2276 705 2353 parentum
770 2263 1215 2353 impietatem,
1261 2285 1301 2333 a
1349 2264 1674 2354 martyris
1725 2262 1963 2353 lingua
2024 2276 2088 2332 et
2159 2275 2386 2333 mente
2432 2283 2674 2332 omnes

127 2349 340 2420 simul
395 2350 891 2441 pependerunt,
944 2365 1009 2422 et
1068 2373 1192 2422 sua
1240 2352 1297 2421 ei
1351 2353 1583 2422 anima
1633 2350 2120 2437 adhaeserunt,
2190 2373 2423 2421 sacras
2478 2371 2677 2420 voces

127 2438 562 2521 arbitranteS,
600 2452 666 2510 et
700 2440 902 2510 verba
949 2441 1145 2522 vitae,
1200 2439 1393 2513 illius
1440 2439 1658 2511 solius
1710 2439 1911 2509 verba
1958 2451 2447 2532 agnoscentes:
2502 2460 2674 2530 pau-

127 2527 230 2598 cis
276 2527 362 2596 ad
413 2528 610 2618 signa
635 2529 1186 2611 conniventibus,
1225 2542 1289 2598 et
1318 2529 1403 2598 ad
1439 2529 1861 2629 agnitionem
1894 2551 2134 2599 eorum
2175 2527 2675 2599 obsurdescen-

129 2615 337 2684 tibus.
391 2616 695 2698 Quinam
746 2629 972 2687 autem
1023 2630 1215 2687 erant
1264 2618 1422 2687 isti?
1468 2624 1547 2697 Ιι,
1604 2640 1645 2686 a
1692 2617 1949 2704 quibus
1979 2617 2216 2708 magni
2244 2617 2525 2705 quidem
2557 2615 2675 2685 fie-

126 2703 247 2773 bat
291 2702 538 2775 sestum
570 2705 990 2776 daemonum
1025 2706 1202 2794 quod
1288 2705 1696 2797 eragebatur
1743 2705 1827 2775 ad
1879 2728 2058 2787 aras,
2100 2717 2376 2797 propter
2408 2726 2674 2775 comes-

126 2791 491 2874 sationem,
515 2805 579 2863 et
610 2794 1032 2876 ebrietatem,
1067 2805 1133 2865 et
1158 2818 1246 2865 cu
1300 2794 1439 2877 ilia,
1472 2806 1536 2863 et
1567 2793 2173 2884 intemperantiam
2202 2820 2217 2861 ι
2249 2792 2678 2884 contemptui

126 2903 283 2951 vero
334 2881 768 2954 habebantur
818 2906 925 2954 res
977 2883 1301 2955 honestae
1339 2895 1405 2953 et
1446 2882 1872 2953 venerandae
1919 2883 2490 2963 Christianorum,
2524 2904 2679 2973 pro-

128 2982 281 3060 pter
331 2970 532 3039 vitam
570 2973 1032 3042 continentem
1085 2984 1148 3041 et
1196 2972 1679 3063 impatibilem,
1715 2984 1982 3058 etquae
2009 2984 2153 3041 erat
2178 2994 2336 3043 cum
2365 2992 2674 3060 corpore,

129 3059 337 3127 vitam
392 3059 890 3151 incorpoream.
928 3065 1092 3130 Cum
1136 3073 1364 3131 autem
1417 3061 1528 3131 isti
1564 3060 2003 3129 tenebrarum
2057 3060 2183 3129 filii
2223 3073 2289 3130 et
2335 3058 2675 3139 interitus,

131 3146 538 3218 derelictum
588 3171 887 3219 errorem
951 3161 1015 3218 et
1077 3172 1359 3219 suorum
1431 3149 1967 3219 simulacrorum
2034 3148 2332 3219 dedecus
2398 3169 2534 3218 non
2583 3145 2681 3214 fc-

130 3247 384 3306 renteS.
442 3248 757 3306 sanctum
806 3250 1213 3324 quaererent
1259 3237 1503 3308 ulcisci
1565 3259 1687 3328 pro
1737 3237 1914 3307 facta
1961 3238 2061 3306 eis
2112 3236 2392 3328 injuria,
2446 3247 2512 3304 et
2559 3256 2682 3324 po-

137 3322 383 3414 pulum
495 3345 567 3391 ro
632 3325 783 3393 e'us
850 3325 917 3393 in
987 3326 1151 3394 deos
1198 3326 1639 3407 contumelia,
1695 3338 2011 3395 caverent
2058 3338 2285 3395 autem
2339 3324 2679 3413 impetum

128 3410 412 3480 multitu
468 3410 625 3493 inis,
730 3435 847 3482 aec
894 3435 1168 3501 quoque
1199 3413 1376 3483 clam
1409 3413 1824 3483 referuntad
1856 3418 2370 3504 Imperatorem.
2412 3416 2491 3481 Ut
2522 3433 2681 3480 vero

125 3499 280 3588 ejus
328 3499 501 3568 iram
553 3501 857 3580 maxime,
895 3501 1369 3583 accenderent,
1423 3515 1488 3572 et
1535 3502 1620 3571 ad
1674 3524 1928 3591 poenas
1977 3501 2353 3573 sumendas
2379 3521 2540 3569 eum
2575 3512 2675 3568 to-

126 3601 277 3657 tum
328 3587 753 3670 inducerent,
808 3600 872 3658 et
904 3612 943 3658 a
975 3590 1400 3659 dubitatione
1448 3602 1513 3659 et
1547 3590 1646 3658 ira
1680 3590 2068 3669 obsessum,
2108 3589 2458 3659 efficerent
2497 3587 2674 3657 cele-

125 3697 273 3746 rem
315 3676 607 3746 ultorem
656 3677 942 3748 audacis
992 3678 1336 3758 facinoriS‚
1375 3678 1501 3747 hoc
1531 3699 1782 3746 nomen
1811 3677 2180 3758 Galilaeus‚
2238 3676 2676 3746 seminarunt

125 3786 252 3856 per
297 3776 503 3834 totam
553 3766 953 3855 epistolam:
1006 3767 1292 3856 ejusque
1320 3766 1743 3844 dominatus,
1790 3777 1854 3834 et
1894 3765 2179 3835 deorum
2215 3764 2672 3855 contemptio-

125 3875 287 3923 nem
337 3865 403 3923 et
447 3853 923 3923 abolitionem:
963 3869 1029 3924 et
1076 3855 1405 3927 adversus
1451 3854 1695 3926 ambos
1744 3867 2122 3925 scommata
2153 3866 2217 3924 et
2251 3853 2672 3933 irrisionem,

129 3957 197 4014 et
246 3941 638 4012 universam
690 3942 983 4013 civitatis
1030 3941 1501 4012 desectionem.

218 4033 253 4117 ξ
317 4036 405 4101 5.
462 4030 874 4101 Maximinus
902 4044 1131 4101 autem
1182 4032 1410 4101 statim
1460 4031 1561 4101 eis
1602 4030 1796 4100 lectis
1845 4030 2083 4110 literis,
2133 4028 2398 4121 pudore
2445 4042 2510 4099 et
2556 4029 2679 4099 do-

126 4120 271 4189 lore
318 4116 448 4187 fuit
496 4118 819 4210 repletus.
870 4119 1144 4190 Dolebat
1189 4119 1374 4189 enim
1428 4129 1706 4210 propter
1752 4118 2090 4189 damnum
2139 4118 2458 4199 civitatis,
2511 4141 2674 4188 cum

125 4206 655 4288 considerasset,
721 4228 931 4294 quam
983 4205 1378 4277 mutilatum
1428 4207 1561 4279 sibi
1608 4219 1788 4279 esset
1854 4207 2253 4299 imperium,
2306 4217 2370 4277 et
2415 4218 2680 4295 quanta

130 4317 295 4387 pars
346 4296 694 4385 potestatis
742 4308 919 4367 esset
967 4295 1098 4365 sibi
1147 4295 1407 4368 ablata:
1466 4296 1728 4387 pudore
1759 4318 1913 4366 vero
1947 4295 2398 4377 afficiebatur,
2435 4295 2680 4365 videns

129 4406 203 4455 se
231 4406 378 4456 esse
406 4386 686 4466 victum,
719 4397 783 4454 et
822 4406 983 4455 suos
1021 4383 1185 4454 deos
1228 4408 1377 4455 esse
1425 4386 1703 4456 affectos
1749 4383 2193 4455 contumelia.
2230 4388 2398 4454 Cum
2449 4397 2680 4454 autem

133 4494 301 4565 prae
343 4494 413 4543 se
461 4472 730 4547 tulisset
777 4494 929 4544 eam
966 4493 1140 4565 quae
1166 4473 1398 4565 ipsum
1432 4474 1797 4558 invaserat,
1830 4472 2679 4564 animiperturbationem‚
