3327 4999
621 263 751 329 442
1213 281 1294 326 nr.
1342 277 1399 326 S.
1452 278 1815 329 caranum
1861 279 2033 328 vine.
2086 279 2163 325 m·
2210 278 2407 325 v1nuA
2487 288 2491 292 Α
2696 259 2943 323 MART.
3009 257 3129 325 22

533 361 741 430 etiam
787 357 973 448 apud
1010 358 1362 450 principes
1395 370 1460 428 et
1496 360 1805 429 eruditos
1845 359 2027 428 viros
2064 357 2149 427 de
2182 356 2548 447 scripturis
2593 355 2850 424 divinis
2890 377 3130 446 prae-

534 449 719 520 clare
772 448 1050 517 diceret.
1121 452 1333 534 Atque
1393 448 1541 547 ipse
1592 447 1800 516 etiam
1860 453 2216 517 Romanus
2272 445 2580 514 Pontifex
2625 445 2939 513 Urbanus
3013 448 3132 513 VI

537 558 697 606 cum
731 533 1109 622 aliquando
1148 556 1377 604 coram
1430 557 1580 625 ipso
1627 547 1693 604 et
1740 534 2222 605 cardinalibus
2271 534 2476 602 verba
2524 535 2795 612 faceret,
2831 552 3124 618 usque-

535 625 706 694 adeo
753 625 906 710 e‘us
954 623 1248 692 miratus
1288 634 1390 691 est
1437 623 1878 713 sapientiam,
1923 634 2002 692 ut
2049 623 2112 691 ei
2161 621 2597 691 familiariter
2643 620 2922 690 diceret:
2960 625 3124 690 Re·-

536 734 697 781 vera
743 712 789 780 fi
827 712 912 791 ia,
970 723 1043 780 tu
1091 710 1326 779 bibisti
1375 710 1461 780 de
1500 710 1676 781 lacte
1726 712 1969 781 matris
2015 722 2196 780 tuae.

623 803 660 886 ξ
708 802 789 869 S.
843 803 1051 868 Porro
1099 812 1328 866 autem
1375 821 1513 868 non
1566 799 1691 870 diu
1741 811 1891 888 post
1940 798 2218 867 horrere
2264 796 2586 866 nonnihil
2633 817 2753 866 coe
2810 795 2859 865 it
2905 794 3120 864 inso-

536 888 740 969 litum
790 886 1061 954 vivendi
1110 886 1420 969 modum,
1455 899 1521 956 et
1558 909 1825 956 memor
1863 886 2195 956 libertatis
2227 886 2588 975 pristinae,
2636 906 2755 953 mu
2792 898 2937 953 tum
2969 905 3119 952 an-

535 976 648 1045 xia
706 974 969 1064 rogavit
1034 987 1369 1057 matrem,
1437 988 1515 1044 ut
1563 975 1797 1044 liceret
1852 975 1988 1075 ipsi
2054 973 2278 1043 redire
2338 974 2410 1041 in
2462 971 2810 1042 Suediam.
2867 972 3116 1041 Sensit

537 1074 774 1134 sancta
823 1076 1039 1132 mater
1075 1063 1227 1151 ejus
1275 1064 1647 1132 tentatione
1707 1063 1973 1132 inimici
2023 1061 2092 1130 id
2145 1061 2318 1143 fieri,
2370 1073 2436 1131 et
2491 1061 2576 1129 ad
2628 1060 2982 1149 Christum
3027 1081 3114 1128 se

535 1151 893 1231 convertit,
955 1172 1190 1240 preces
1237 1152 1301 1220 ei
1354 1151 1679 1221 fundenS.
1717 1151 1849 1233 Qui
1882 1152 1944 1220 ei
1993 1150 2323 1219 indicavit
2353 1148 2607 1219 obiisse
2653 1147 3100 1237 Eghardum,

534 1252 600 1308 et
629 1261 781 1308 eam
817 1238 1172 1308 admoneri
1212 1240 1449 1321 voluit,
1515 1250 1592 1308 ut
1639 1261 1682 1307 a
1740 1250 1957 1308 matre
2004 1260 2142 1307 non
2192 1236 2599 1308 discederet.
2653 1239 2796 1304 Hoc
2844 1246 2922 1304 ut
2973 1234 3112 1304 illa

536 1327 892 1418 percepit,
948 1327 1271 1397 submisit
1332 1350 1404 1396 se
1457 1326 1741 1413 quidem
1805 1325 2165 1395 humiliter
2211 1325 2487 1394 divinae
2535 1323 2910 1393 voluntati:
2966 1344 3108 1392 nec

535 1428 764 1485 tamen
805 1415 1118 1484 cessabat
1166 1427 1515 1485 tortuosus
1548 1436 1657 1484 ser
1710 1436 1834 1483 ens
1880 1415 1944 1482 ei
1992 1415 2081 1483 ob
2129 1413 2348 1481 animi
2397 1411 2634 1483 oculos
2682 1432 3101 1501 repraesen-

536 1515 680 1574 tare
727 1502 977 1573 natalis
1026 1503 1155 1572 soli
1203 1503 1509 1572 delicias:
1545 1516 1609 1572 et
1687 1503 1816 1571 icet
1853 1524 1969 1571 eas
2019 1502 2283 1570 ratione
2321 1512 2386 1570 et
2419 1500 2768 1569 voluntate
2807 1520 3105 1589 respue-⁹

536 1603 659 1672 ret,
718 1604 943 1660 tamen
994 1613 1154 1659 cum
1204 1591 1267 1659 ei
1314 1603 1542 1659 essent
1592 1590 1917 1659 molestae
1964 1601 2030 1659 et
2077 1589 2173 1658 im
2228 1601 2518 1658 ortunae
2570 1599 2850 1657 satanae
2898 1608 3106 1654 vexa-

540 1680 782 1760 tiones,
836 1702 876 1747 a
932 1690 1148 1747 matre
1198 1678 1332 1747 sibi
1382 1677 1573 1767 petiit
1605 1678 1923 1747 adhiberi
1973 1698 2157 1746 reme
2212 1678 2384 1746 ium.
2430 1681 2509 1744 Et
2556 1675 2675 1745 illa
2722 1696 2900 1761 quae
2943 1674 3103 1763 jam

512 1766 881 1856 ¹ejusmodi
934 1766 1340 1836 tentationes
1388 1766 1627 1834 victrix
1677 1778 2093 1857 superasset,
2142 1777 2616 1854 opportunum
2669 1762 2890 1843 filiae,
2945 1784 3104 1831 car-

542 1855 684 1924 nali
733 1854 964 1924 adhuc
1011 1854 1369 1923 affectione
1418 1853 1790 1935 laboranti,
1844 1852 2226 1921 remedium
2294 1852 2663 1942 apposuit,
2718 1850 3099 1919 molestum

545 1964 711 2012 sane
759 1943 953 2011 carni
1000 1955 1065 2010 et
1113 1941 1476 2032 sanguini,
1541 1942 1659 2010 sed
1710 1941 1895 2026 quod
1955 1942 2105 2031 ipsa
2152 1961 2426 2031 quoque
2475 1939 2840 2008 Catharina
2898 1960 3098 2007 sum-

545 2052 824 2121 mopere
873 2041 1244 2119 appeteret.
1300 2030 1573 2099 Curavit
1619 2029 1806 2097 enim
1846 2052 1999 2098 eam
2041 2028 2405 2114 aliquoties
2454 2027 2667 2117 virgis
2715 2025 2934 2107 caedi,
2970 2025 3102 2094 do-

541 2141 670 2188 nec
703 2118 933 2201 omnis
984 2118 1100 2186 illa
1134 2119 1416 2187 tentatio
1449 2118 1668 2186 instar
1714 2117 1891 2186 fumi
1939 2117 2240 2186 evanuit.
2294 2121 2439 2185 Non
2491 2114 2713 2205 potuit
2750 2114 3102 2204 superbus

541 2206 836 2275 daemon
891 2218 1148 2275 tantam
1200 2205 1375 2274 ferre
1423 2205 1885 2274 humilitatem
1921 2259 1937 2286 ,
1982 2205 2101 2275 sed
2152 2216 2506 2292 tamquam
2556 2204 2704 2294 ipse
2750 2214 2930 2272 esset
2978 2202 3106 2271 ssa-

539 2293 857 2384 gellatUS,
903 2316 1061 2362 cum
1113 2293 1500 2381 ignominia
1547 2293 1842 2383 aufugit.

628 2385 663 2468 ξ
712 2387 806 2450 9.
861 2386 986 2450 Per
1033 2381 1102 2450 id
1156 2394 1423 2467 tempus
1472 2386 1827 2450 Romanus
1873 2379 2178 2449 Pontifex
2224 2378 2549 2448 Avinione
2596 2379 2698 2465 (a)
2727 2376 3101 2447 residebat.

541 2469 866 2541 Praebuit
911 2491 991 2539 ea
1042 2491 1147 2540 res
1195 2469 1534 2559 improbis
1584 2468 1822 2538 multis
1870 2468 2299 2538 occasionem
2356 2466 2644 2558 praedas
2685 2465 2939 2557 agendi
2972 2471 3105 2536 Ro-

540 2580 716 2639 mae,
756 2570 820 2626 et
870 2559 1087 2628 multa
1135 2573 1372 2627 contra
1419 2558 1522 2626 fas
1570 2557 1976 2639 attentandi,
2012 2557 2182 2626 adeo
2228 2570 2306 2626 ut
2356 2555 2702 2645 peregrini
2732 2566 2798 2623 et
2831 2554 3104 2624 tenuio-

536 2668 648 2716 res
708 2646 1074 2725 homines‚
1129 2646 1407 2715 illorum
1459 2645 1754 2714 audacia
1802 2658 1867 2714 et
1915 2644 2437 2734 importunitate
2502 2641 2900 2724 absterriti,
2957 2663 3100 2709 non

539 2734 874 2804 auderent
935 2734 1020 2803 ad
1073 2733 1565 2824 promerendas
1612 2732 2177 2813 condonationes»,
2230 2753 2405 2818 quas
2454 2729 2935 2820 Indulgentias
2986 2751 3104 2798 vo-

542 2835 723 2899 cant,
767 2834 969 2907 atque
1024 2822 1111 2890 ad
1161 2821 1488 2902 stationes
1552 2821 1900 2889 accedere:
1969 2820 2266 2888 maxime
2317 2841 2472 2888 vero
2523 2818 2912 2908 periculum
2965 2818 3104 2885 im-

541 2909 883 2998 pendebat
918 2908 1238 2976 foeminis
1286 2917 1501 2976 aeta'te
1558 2920 1624 2977 et
1669 2909 1891 2978 forma
1944 2908 2340 2997 praestanti.
2392 2912 2577 2988 Quae
2626 2928 2735 2978 res
2774 2908 2847 2974 in
2890 2927 3106 2974 causa

540 2997 691 3075 fuit,
745 3009 823 3065 ut
868 2996 1073 3064 etiam
1125 3000 1190 3065 S.
1245 2997 1528 3085 Birgitta
1578 2997 1984 3065 catharinae
2032 2996 2217 3064 filiae
2267 2994 2739 3076 interdiceret,
2807 3015 2893 3061 ne
2952 2993 3106 3062 sine

541 3083 781 3153 multis
830 3084 1036 3152 sociis
1084 3105 1280 3153 sacra
1327 3084 1474 3152 loca
1522 3083 1870 3152 inviseret.
1947 3088 2202 3169 Itaque·
2249 3094 2467 3152 matre
2530 3104 2692 3152 cum
2755 3103 2885 3150 suo
2935 3102 3103 3150 con-

541 3171 824 3242 fessario
873 3172 959 3240 ad
995 3172 1321 3241 stationes
1368 3185 1434 3241 et
1481 3171 1674 3240 indul
1732 3172 1954 3241 entias
2007 3171 2326 3262 abeunte,
2381 3171 2502 3239 illa
2549 3170 2699 3238 dies
2733 3181 2875 3238 non
2925 3191 3099 3259 pau-

543 3281 660 3328 cos
708 3281 867 3328 cum
900 3260 1045 3328 suis
1078 3260 1350 3329 ancillis
1395 3260 1614 3330 haesit
1710 3260 1874 3328 omi.
1911 3259 2113 3329 Adest
2159 3281 2404 3328 rursus
2454 3270 2674 3340 satan,
2713 3270 2777 3326 et
2816 3257 3099 3328 acerbas

548 3347 617 3416 in
680 3348 830 3437 ejus
904 3348 1224 3416 animum
1292 3347 1515 3437 coepit
1562 3349 2008 3438 cogitationes
2078 3347 2485 3429 immittere¹,
2541 3357 2897 3431 tamquam
2946 3344 3101 3414 aliis

545 3458 834 3506 suarum
884 3435 1277 3505 animarum
1331 3435 1525 3506 lucra
1572 3436 2037 3525 captantibus,
2093 3435 2245 3525 ipsa
2295 3435 2513 3504 instar
2560 3434 2747 3503 bruti
2783 3432 3100 3501 animan-

546 3524 633 3593 tis
666 3578 680 3604 ,
726 3522 813 3592 ab
862 3524 1190 3593 omnibus
1238 3523 1672 3613 spiritalibus
1719 3524 1920 3594 bonis
1968 3535 2359 3592 arceretur..
2412 3521 2716 3591 Addebat
2762 3520 2896 3601 his,
2952 3519 3102 3607 ejus

544 3624 897 3701 cognatos,
952 3611 1192 3681 fratres
1239 3625 1304 3681 et
1353 3633 1619 3683 sorores
1668 3612 1738 3680 in
1791 3612 2013 3701 patria
2061 3633 2219 3681 cum
2287 3633 2561 3680 summa
2607 3608 3098 3695 tranquillitate

545 3700 798 3770 servire
850 3704 1003 3780 De0,
1059 3700 1281 3789 ipsam
1330 3722 1488 3769 vero
1538 3699 1864 3769 miseram
1913 3699 2166 3768 ducere
2199 3699 2449 3768 vitam:
2511 3708 2857 3788 praestare
2891 3697 3098 3787 igitur

544 3808 631 3855 ne
678 3787 748 3855 in
799 3787 1021 3856 lucem
1071 3787 1352 3873 quidem
1400 3788 1655 3857 editam
1707 3787 1943 3868 fuisse,
1998 3809 2208 3873 quam
2258 3787 2329 3855 id
2376 3808 2597 3876 genus
2643 3784 2936 3854 inertem
2999 3784 3094 3852 vi-

545 3885 684 3942 tam
731 3875 976 3944 vivere.
1033 3881 1188 3945 Erat
1238 3876 1403 3945 haec
1461 3876 1529 3943 in
1583 3874 1818 3944 animo
1878 3888 2155 3944 sanctae
2212 3875 2503 3963 virginis
2567 3872 2848 3942 tentatio
2905 3873 3098 3942 vehe-

544 3983 787 4044 mens,
858 3964 1162 4049 adeoque
1226 3985 1377 4033 eam
1447 3985 1758 4032 moerore
1816 3975 1882 4033 et
1936 3962 2454 4053 perturbatione
2518 3960 2966 4052 oppleverat,
3030 3970 3102 4028 ut

599 4082 657 4129 (al
688 4085 847 4123 Avendo
867 4085 1036 4134 exigua
1059 4087 1105 4124 ut
1124 4094 1218 4124 non
1235 4086 1476 4134 inelegans
1497 4085 1546 4124 et
1563 4084 1910 4133 Archleptscop.
1933 4083 2047 4124 urbs
2070 4084 2121 4123 ln
2142 4083 2323 4124 Galliae
2347 4082 2666 4123 meridionalia
2688 4082 2830 4133 pltea
2851 4091 2971 4131 quae
2999 4083 3100 4121 Pro·

539 4136 680 4176 vincia
701 4138 888 4185 proprio
909 4148 935 4176 a.
956 4139 1175 4178 Romanis
1197 4138 1523 4186 appellabatur
1538 4139 1805 4184 (Proventu),
1826 4138 1868 4177 S.
1889 4138 2025 4178 Sedis
2044 4137 2303 4176 dominium
2322 4136 2416 4176 fult
2436 4137 2492 4176 ab
2514 4145 2636 4175 anno
2656 4144 2926 4175 awecxnvur
2946 4134 3001 4174 nd
3018 4135 3100 4174 exi-

542 4191 646 4229 tum
664 4200 808 4238 prope
827 4191 940 4229 xvrn
962 4190 1140 4230 saeculi
1185 4192 1308 4231 Illuc
1326 4191 1647 4230 Pontificalem
1668 4200 1937 4238 supremam
1958 4189 2237 4230 Cathedram
2257 4190 2438 4236 primus
2458 4188 2771 4229 transtulerat
2802 4188 3017 4228 Clemens
3046 4187 3092 4229 V.

544 4252 667 4282 anno
687 4253 849 4288 mcccv.
867 4244 1132 4291 mansitque
1152 4244 1449 4293 septuaginta.
1468 4243 1595 4283 circa
1611 4254 1695 4291 per
1716 4252 1877 4282 annon.
1911 4243 1972 4282 nt
1991 4243 2099 4283 inde
2119 4243 2374 4282 Pontifices
2395 4244 2591 4282 Romam
2604 4242 2886 4287 remearent,
2901 4242 3097 4281 multum

543 4296 732 4390 {niciensi
756 4297 1113 4389 amabor-avergit
1131 4297 1176 4336 S.
1197 4297 1634 4347 anglemont-ctus
1656 4306 1771 4337 vero
1789 4295 2091 4346 potissimum
2122 4297 2318 4337 secutus
2345 4305 2431 4346 per
2460 4294 2843 4344 sapientissimos
2872 4295 2919 4335 S.
2947 4294 3101 4334 Ostha·

592 4359 678 4390 nae
731 4351 920 4391 exiensis
941 4358 1061 4390 cona
1086 4359 1156 4390 us.
