3327 4999
677 352 806 417 490
1384 311 1472 419 nn,
1510 374 1564 421 s.
1623 374 2036 423 nssantanno
2085 373 2324 422 Annam
2746 353 2993 419 MART.
3048 354 3139 418 25

591 449 663 520 in
714 450 990 521 vasculo
1037 452 1362 540 quodam.
1417 459 1494 524 Et
1539 455 1820 542 quidem
1882 467 2067 526 tanto
2116 455 2229 524 ille
2276 452 2542 544 hospite
2590 453 2831 534 laetus,
2883 474 3140 522 convo·

591 541 769 611 cavit
807 542 1085 623 amicos,
1139 564 1217 611 ex
1265 565 1477 630 eoque
1525 545 1683 615 vino
1733 567 1865 614 non
1917 544 2057 614 illis
2105 545 2481 624 dumtaxat,
2543 542 2658 612 sed
2701 542 2907 612 etiam
2960 564 3139 642 pau-

590 630 877 720 peribus
915 644 978 701 et
1032 633 1408 723 peregrinis
1441 634 2084 723 supervenientibus
2114 634 2327 724 jussit
2360 632 2731 703 liberaliter
2777 630 3132 702 distribui.

593 719 920 789 Biberunt
992 743 1230 792 omnes
1308 722 1615 792 hilariter
1672 736 1736 793 et
1784 724 2057 793 interim
2121 723 2406 792 Domino
2453 721 2937 802 benedicente,
2996 743 3133 788 non

592 809 795 877 modo
845 809 1017 878 nihil
1069 811 1151 881 de
1187 810 1339 881 vino
1388 812 1700 894 decessit,
1755 813 1871 881 sed
1910 812 2265 884 vasculum
2349 810 2797 902 ropemodum
2841 810 2998 879 vino
3033 832 3137 878 re-

592 897 906 968 dundare
955 899 1173 969 visum
1208 914 1329 970 est.
1384 907 1459 970 Et
1509 901 1624 970 illo
1658 902 1936 990 quidem
1998 902 2108 970 die
2154 923 2235 971 ea
2329 923 2365 969 e
2413 923 2483 971 re
2543 900 2896 971 silentium
2946 899 3130 968 fuit:

592 999 659 1056 at
693 987 846 1057 luce
877 988 1085 1058 altera
1137 989 1473 1059 intantum
1514 1013 1634 1082 per
1680 1014 1952 1060 omnem
1987 989 2177 1060 illam
2225 991 2571 1082 regionem
2623 989 2974 1080 divulgata
3003 1000 3129 1066 est,

588 1088 667 1145 ut
703 1077 963 1147 incolae
1012 1101 1250 1149 omnes
1286 1081 1486 1170 plane
1526 1081 1656 1151 sibi
1693 1081 2183 1171 persuaderent
2209 1102 2289 1147 ea
2322 1079 2678 1148 sanctitate
2721 1099 2870 1147 esse
2901 1078 3129 1146 virum

592 1166 731 1247 Dei,
787 1180 863 1236 ut
894 1168 951 1236 si
999 1168 1165 1254 quid
1216 1169 1283 1238 in
1331 1192 1489 1239 eum
1531 1192 1570 1238 a
1615 1192 1963 1258 quoquam
2015 1169 2339 1240 collatum
2389 1181 2565 1238 esset
2612 1167 2954 1250 beneficii,
2996 1188 3131 1235 non

593 1256 817 1324 solum
860 1257 1030 1326 nihil
1082 1259 1232 1348 ejus
1279 1258 1718 1330 facultatibus
1765 1260 2235 1338 decessurum,
2291 1258 2405 1327 sed
2446 1256 2742 1326 multum
2783 1257 2989 1326 etiam
3023 1279 3134 1324 ac-

592 1367 950 1415 cessurum
1000 1347 1182 1417 ultra
1217 1348 1401 1417 illam
1439 1370 1614 1435 quae
1640 1348 1743 1417 illi
1767 1349 1838 1418 in
1886 1348 2095 1418 coelis
2132 1363 2308 1419 esset
2347 1347 2662 1438 reposita,
2714 1345 3125 1416 mercedem.

590 1439 866 1505 Peracto
908 1438 1220 1526 prandio,
1276 1438 1378 1507 vir
1417 1439 1688 1508 Domini
1730 1438 1812 1508 ad
1876 1438 2077 1508 aedes
2127 1459 2290 1506 suas
2338 1437 2408 1505 in
2462 1436 2691 1505 villam
2746 1433 3128 1526 Oglandarn

591 1524 815 1593 rediit.
863 1530 1066 1596 Porro
1116 1532 1392 1597 Launus
1445 1527 1770 1617 postridie
1807 1550 1884 1597 ex
1922 1549 2137 1597 uxore·
2179 1527 2565 1596 sciscitatus
2593 1536 2717 1605 est,
2772 1547 2861 1592 an
2917 1546 2999 1593 ne
3030 1524 3128 1591 vel

593 1636 836 1704 parum
891 1614 1148 1702 aliquid
1217 1618 1354 1684 vini
1404 1629 1811 1707 superesset,
1865 1616 2043 1704 quod
2090 1616 2172 1685 ad
2224 1616 2447 1684 virum
2504 1615 2614 1682 Dei
2667 1635 2789 1705 pro
2853 1613 3133 1682 benedi⁴

591 1703 814 1773 ctione
867 1707 1456 1774 transmitteretur.
1494 1707 1668 1776 Abiit
1714 1729 1885 1776 uxor
1907 1720 1971 1776 et
2018 1702 2575 1805 diligenter‘vase
2611 1703 2941 1793 inspecto,
2995 1702 3132 1793 ple·

594 1814 764 1861 num
817 1792 986 1862 illud
1038 1796 1327 1884 reperit:
1371 1818 1657 1884 moxque
1706 1797 1847 1864 viro
1889 1794 2236 1866 indicavit.
2275 1794 2395 1863 Ille
2433 1792 2879 1873 exhilaramS,
2935 1792 3135 1860 mittit

595 1881 754 1951 inde
802 1882 887 1951 ad
940 1884 1159 1952 virum
1213 1898 1551 1965 sanctum,
1593 1885 1937 1971 simulque
1983 1885 2339 1953 certiorem
2366 1905 2522 1952 eum
2574 1882 2821 1963 reddit,
2877 1893 3133 1968 quanto

592 1971 826 2061 ipsum
873 1972 1199 2044 Dominus
1228 1976 1316 2044 ob
1342 1975 1489 2064 ejus
1537 1974 1778 2044 merita
1820 1973 2149 2042 beneficio
2182 1973 2540 2041 affecisset.
2589 1976 2664 2041 At
2712 1972 2816 2039 vir
2848 1982 3130 2039 sanctus

584 2061 797 2150 jussit
841 2085 1000 2131 eum
1045 2085 1184 2131 rem
1238 2063 1508 2133 tacitam
1561 2064 1851 2141 habere,
1907 2085 2155 2154 rogans
2205 2084 2289 2131 ne
2336 2062 2559 2153 ipsius
2607 2059 2871 2129 meritis
2927 2060 3132 2128 ascri-

592 2150 781 2221 beret
828 2152 1008 2239 quod
1059 2152 1129 2222 in
1182 2175 1565 2243 pauperum
1616 2153 2007 2222 subsidium
2056 2152 2387 2221 divinitus
2416 2151 2565 2242 ejus
2600 2148 3132 2219 liberalitatido-

594 2251 834 2309 natum
885 2252 1082 2310 esset.
1139 2246 1415 2312 Launus
1464 2265 1619 2311 vero
1669 2241 2084 2333 pernegabat
2134 2263 2298 2311 suae
2346 2239 2775 2309 liberalitatis
2807 2242 3020 2309 causa
3066 2237 3132 2306 id

596 2328 839 2399 secisse
890 2331 1279 2413 Dominum,
1335 2331 1450 2401 sed
1502 2333 1588 2401 ob
1637 2332 1783 2402 sola
1811 2334 2032 2424 ipsius
2080 2331 2300 2401 sancti
2356 2330 2481 2399 viri
2530 2328 2775 2399 merita
2822 2327 2959 2398 tale
3009 2327 3133 2396 mi-

597 2419 912 2489 raculum
962 2420 1356 2512 contigisse.
1430 2426 1584 2491 Erat
1658 2444 1824 2491 sane
1894 2421 2067 2490 inter
2112 2443 2226 2491 eos
2279 2442 2399 2522 pro
2475 2418 2863 2488 humilitate
2911 2416 3135 2486 amica

593 2511 959 2592 contentio,
1018 2511 1133 2580 sed
1188 2533 1386 2580 nemo
1435 2512 1724 2602 ambigit
1754 2517 1824 2580 B.
1865 2510 2301 2580 Hermelandi
2347 2509 2606 2600 meritis
2639 2508 3129 2579 ascribendum

595 2621 743 2668 esse
791 2613 929 2670 tam
979 2601 1253 2691 insigne
1299 2600 1678 2672 divinitatis
1713 2601 2151 2671 miraculum.

658 2692 718 2776 ’ξ
764 2695 905 2764 1-1.
962 2696 1257 2761 Cernens
1305 2703 1530 2760 autern
1583 2691 2015 2782 perniciosus
2077 2689 2365 2758 daemon
2422 2689 2691 2757 eximiis
2740 2687 2970 2757 virum
3024 2686 3137 2755 Dei

597 2778 850 2868 pollere
889 2779 1282 2860 virtutibuS,
1339 2800 1461 2849 nec
1511 2802 1707 2870 posse
1739 2803 1809 2849 se
1841 2778 2005 2849 ullis
2054 2778 2503 2848 tentationum
2559 2775 3138 2846 machinamentis

594 2890 750 2937 eum
805 2868 902 2937 vel
954 2869 1040 2936 ad
1073 2868 1272 2936 breve
1314 2880 1583 2960 tempus
1621 2870 1689 2938 in
1733 2869 1985 2960 peceati
2016 2889 2431 2938 consensum
2483 2865 2859 2956 impellere,
2914 2864 3139 2953 coepit

593 2978 1022 3025 commovere
1069 2957 1403 3044 quosdam
1433 2958 1514 3025 ad
1556 2958 2015 3028 infestandum
2067 2957 2289 3038 illum,
2334 2955 2806 3043 creandasque
2854 2954 2955 3023 illi
2991 2975 3139 3022 mo-

596 3044 850 3114 lestias:
903 3057 980 3114 ut
1027 3045 1085 3114 si
1134 3068 1264 3115 non
1313 3059 1536 3136 posset
1584 3048 1865 3117 domum
1916 3047 2088 3136 eine,
2139 3047 2204 3115 in
2254 3045 2457 3114 firma
2506 3058 2694 3135 petra
2742 3043 3132 3120 fundatam,

597 3133 871 3223 penitus
918 3147 1234 3216 evertere,
1287 3135 1416 3204 hoc
1449 3134 1686 3206 saltem
1731 3136 1795 3204 in
1857 3136 2048 3206 lucro
2096 3135 2497 3226 deputaret,
2555 3133 2614 3202 si
2664 3133 2766 3201 vel
2828 3133 2911 3201 ad
2990 3153 3137 3200 mo—

596 3236 904 3291 mentum
954 3224 1105 3312 ejus
1139 3225 1599 3313 perturbasset
1632 3226 1971 3294 animum.
2008 3226 2263 3294 Excitat
2295 3245 2455 3313 ergo
2504 3223 2844 3292 rusticum
2887 3241 3137 3308 quem-

595 3311 1022 3399 dam„isque
1073 3313 1383 3403 improba
1431 3315 1803 3404 cupiditate
1854 3314 2350 3390 inflammatus,
2404 3312 2487 3380 de
2533 3311 2867 3402 ephippio
2916 3309 3138 3380 sancti

595 3401 724 3469 viri
771 3403 1131 3493 quippiam
1184 3403 1535 3493 praecidit.
1581 3409 1656 3472 At
1692 3426 1847 3473 mox
1895 3403 2094 3473 illum
2125 3403 2357 3471 divina
2405 3400 2576 3470 ultio
2608 3413 2965 3492 persecuta
3009 3412 3133 3468 est.

597 3495 762 3559 Nam
817 3503 1090 3583 repente
1137 3493 1356 3582 coepit
1408 3504 1731 3579 tanquam
1809 3493 2087 3584 ignibus
2135 3492 2602 3561 inflammatus
2648 3491 3084 3580 conflagrare.
3118 3544 3133 3564 ,

597 3600 1020 3670 magnosque
1067 3581 1363 3671 ejulatus
1411 3580 1659 3662 edere:
1708 3582 1917 3651 simul
1992 3583 2193 3650 ctiam
2260 3579 2673 3670 compellare
2744 3580 2967 3648 virum
3024 3577 3138 3646 Dei

595 3668 705 3738 his
751 3671 1070 3740 vocibus:
1110 3677 1501 3740 «Succurre
1550 3671 1745 3751 mihi,
1783 3683 2013 3740 sancte
2063 3669 2535 3750 Hermelande‚
2584 3691 2743 3737 nam
2782 3691 2906 3759 pro
2955 3666 3141 3737 furto

593 3758 862 3849 exigu0‚
901 3783 1037 3847 quo
1076 3782 1211 3829 rem
1251 3772 1436 3828 tuam
1478 3760 1646 3828 mihi
1695 3781 1907 3830 ausus
1956 3782 2112 3829 sum
2162 3759 2543 3839 vendicare,
2594 3780 2849 3847 poenas
2880 3756 2998 3826 luo
3036 3758 3144 3825 in-

490 3904 493 3907 .
597 3849 1081 3918 aestimabiles
1120 3872 1153 3912 »
1210 3854 1286 3918 Et
1334 3849 1500 3918 haec
1548 3849 1806 3928 dicens,
1845 3871 1985 3916 rem
2038 3848 2216 3917 furto
2271 3847 2567 3916 ablatam
2604 3903 2618 3926 ,
2674 3869 2709 3914 e
2759 3847 2918 3915 sinu
2980 3849 3145 3934 pro-

597 3937 753 4006 tulit
780 3951 844 4007 et
877 3938 1123 4028 ab'ecit
1154 3960 1328 4025 quae
1355 3938 1691 4024 hodieque
1723 3939 1790 4007 in
1827 3938 2122 4007 oratorio
2170 3937 2348 4006 beati
2384 3937 2559 4005 Petri
2588 3935 2915 4026 Apostoli,
2952 3934 3144 4021 quod

597 4037 698 4095 est
749 4027 816 4095 in
868 3961 1176 4127 Ogienda
1223 4026 1423 4106 Cella,
1481 4049 1814 4118 suspensa
1855 4039 2106 4096 manet.
2144 4031 2219 4094 At
2249 4037 2529 4094 sanctus
2565 4037 2755 4115 pater
2785 4024 3143 4093 hominem

597 4115 851 4184 scelere
897 4129 1227 4195 vinctum,
1284 4116 1603 4207 precibus
1636 4116 1945 4197 absolvit,
1999 4127 2063 4185 et
2101 4115 2254 4185 cibo
2350 4126 2603 4201 otuque
2641 4112 2921 4186 abunde
2971 4113 3147 4183 refe—

595 4215 809 4284 ctum,
849 4204 1419 4292 admonitumque
1470 4227 1552 4273 ne
1601 4204 1924 4295 deinceps
1959 4204 2262 4296 maligno
2360 4204 2488 4271 osti
2521 4225 2884 4272 assensum
2939 4225 3146 4292 prae-

597 4295 828 4374 beret,
882 4293 1275 4362 incolumen
1327 4316 1365 4362 a
1415 4316 1485 4363 se
1532 4293 1817 4362 dimisit.
1894 4293 2082 4363 Alius
2128 4316 2442 4380 quoque,
2496 4291 2897 4361 stimulante
2945 4315 3033 4360 cu
3092 4292 3148 4359 i-

598 4383 829 4466 ditate,
883 4384 1090 4453 boves
1130 4383 1350 4452 sancti
1400 4383 1524 4451 viri
1557 4383 1676 4469 qui
1731 4396 1980 4454 onusta
2029 4382 2237 4474 lignis
2291 4382 2598 4473 plaustra
2651 4381 2921 4451 trahere
2968 4402 3047 4450 so
3078 4403 3149 4452 e-

597 4472 786 4558 bant,
819 4474 999 4545 surto
1029 4470 1334 4542 abstulit.
1383 4472 1605 4541 Sensit
1631 4472 1737 4541 vir
1769 4472 1884 4542 Dei
1915 4494 2169 4563 magno
2195 4494 2266 4542 se
2296 4470 2659 4543 commodo
2689 4470 3144 4542 destitutum:

3078 4609 3307 4979 *l
