3327 4999
662 298 750 364 22
1443 315 1522 365 nii
1570 315 1627 363 s.
1681 312 1926 363 catium
1972 311 2273 363 ariscoro
2738 355 2746 362 .
2794 295 3042 362 MART.
3099 298 3144 362 2

569 399 919 470 intantum
967 411 1113 470 erat
1159 398 1388 470 timori
1438 398 1715 468 Domini
1777 397 2126 479 subdituS,
2188 396 2535 467 intantum
2586 397 3138 469 novissimorum

573 509 861 561 suorum
900 488 971 557 in
1021 487 1351 558 omnibus
1397 487 1727 578 operibus
1773 486 1921 557 suis
1971 507 2259 566 mernor,
2312 496 2390 555 ut
2438 484 2618 556 sicut
2651 486 3143 573 mihiquidatn

570 575 782 647 frater
826 575 912 646 de
955 575 1068 645 his
1097 577 1222 664 qui
1251 598 1362 646 me
1391 575 1464 644 in
1505 574 1872 665 scripturis
1918 573 2352 654 erudiebant,
2389 587 2455 645 et
2495 586 2641 645 erat
2672 574 2745 644 in
2797 587 3147 647 monaste-

572 663 677 736 rio
725 686 805 734 ac
853 663 1251 756 magisterio
1310 663 1504 734 illius
1549 662 1910 744 educatuS,
1964 662 2300 733 vocabulo
2348 662 2826 742 Trumbrecht,
2883 662 3147 734 referre

573 751 857 833 solebat,
896 752 954 822 si
1002 752 1173 823 forte
1205 751 1470 843 legente
1501 773 1605 833 eo,
1657 750 1763 821 vel
1804 751 1997 821 aliud
2046 749 2216 838 quid
2264 773 2305 819 a
2356 762 2532 832 ente,
2596 762 2874 841 repente
2925 752 3141 823 ssatus

573 840 757 921 venti
806 842 1029 933 maj0r
1073 862 1275 911 assur
1322 852 1485 922 eret,
1538 839 1871 911 continuo
1940 840 2299 910 misericor
2353 838 2491 909 iam
2541 840 2812 909 Domini
2861 839 3149 911 invoca-

572 940 697 1009 ret,
733 939 799 998 et
827 950 980 998 earn
1020 928 1257 1021 generi
1344 950 1601 1000 umano
1650 927 2010 1019 propitiari
2060 938 2352 1019 rogaret.
2394 928 2463 997 Si
2497 938 2728 997 autem
2779 927 3148 1000 violentior

572 1038 746 1087 aura
793 1016 1158 1098 insisteret,
1206 1018 1356 1107 jam
1413 1018 1651 1090 clauso
1717 1017 1955 1089 codice
2015 1016 2400 1108 procideret
2465 1015 2534 1084 in
2603 1015 2874 1098 faciem,
2927 1028 3144 1105 atque

572 1104 897 1176 obnixius
949 1104 1246 1176 orationi
1302 1106 1756 1177 incumberet.
1813 1110 1890 1176 At
1938 1106 1997 1176 si
2048 1105 2350 1195 procella
2395 1103 2638 1175 fortior
2682 1116 2803 1175 aut
2850 1104 3146 1179 nimbus

571 1196 998 1285 perurgeret,
1036 1193 1141 1264 vel
1180 1205 1360 1267 esset
1404 1193 1815 1279 coruscatiO,
1869 1217 1951 1263 ac
1991 1194 2292 1264 tonitrua
2342 1204 2556 1264 terras
2605 1204 2671 1263 et
2717 1195 2880 1263 aera
2926 1206 3146 1266 terre-

574 1294 749 1363 rent,
785 1294 951 1353 tunc
997 1282 1281 1354 veniens
1327 1282 1414 1352 ad
1444 1282 1811 1354 ecclesiam
1851 1282 2163 1352 solicitus
2192 1281 2623 1351 orationibus
2689 1303 2768 1352 ae
2816 1283 3137 1373 psalmiS,

571 1369 790 1441 donec
822 1371 1157 1442 serenitas
1205 1371 1384 1442 aeris
1422 1370 1697 1453 rediret,
1750 1370 1890 1440 fixa
1935 1382 2163 1439 mente
2191 1381 2487 1440 vacaret.

658 1461 696 1547 ἓ
760 1463 857 1529 θ.
911 1462 1220 1547 Cumque
1264 1459 1806 1551 interrogaretur
1868 1480 1910 1528 a
1960 1458 2150 1539 suiS,
2229 1480 2446 1545 quare
2500 1457 2630 1528 hoc
2696 1457 2970 1540 faceret,
3028 1482 3145 1529 re-

574 1548 997 1651 spondebat:
1052 1553 1239 1618 «Non
1275 1547 1560 1638 legistiS,
1596 1548 1764 1639 quia
1801 1548 2092 1616 intonuit
2131 1547 2212 1616 de
2242 1545 2419 1617 coelo
2452 1549 2794 1628 Dominus,
2832 1558 2894 1615 et
2940 1550 3146 1643 altis-

567 1658 785 1706 simus
835 1637 1018 1706 dedit
1074 1659 1300 1706 vocem
1352 1655 1593 1707 suam:
1641 1636 1824 1705 Misit
1883 1637 2175 1737 saqittas
2230 1658 2415 1716 suasi,
2472 1645 2536 1705 et
2592 1636 2949 1725 dissipavit
2997 1659 3134 1718 eoa,

569 1727 859 1814 fulqura
903 1726 1412 1815 multiplicavit,
1471 1735 1537 1795 et
1590 1723 2013 1793 conturbavit
2043 1723 2207 1793 eos?
2244 1723 2460 1880 SPsal.
2503 1722 2637 1811 ⁴7).
2680 1729 2894 1792 Movet
2940 1725 3139 1793 enim

572 1814 733 1881 aera
783 1812 1140 1893 Dominus,
1182 1823 1418 1884 ventos
1464 1811 1735 1892 excitat,
1779 1811 2136 1901 jaculatur
2182 1810 2258 1881 fu
2287 1832 2485 1903 gura,
2525 1809 2609 1880 de
2638 1811 2827 1880 coelo
2870 1811 3145 1883 intonat

569 1912 649 1970 ut
688 1903 1068 1991 terrigenas
1114 1899 1202 1969 ad
1252 1899 1639 1969 timendum
1702 1922 1775 1970 se
1821 1899 2127 1981 suscitet,
2172 1910 2249 1968 ut
2299 1899 2510 1970 corda
2556 1920 2799 1969 eorum
2847 1898 2919 1967 in
2993 1922 3142 1970 me-

571 1988 865 2057 moriam
913 1987 1129 2058 futuri
1168 1987 1424 2077 judicii
1479 1990 1769 2070 revocet,
1821 1999 1901 2058 ut
1948 1986 2349 2077 superbiam
2395 2008 2640 2056 eorum
2692 1985 3006 2077 dissipet,
3072 2000 3143 2059 et

570 2074 932 2146 conturbet
977 2075 1368 2158 audaciam,
1421 2076 1707 2148 reducto
1753 2076 1840 2146 ad
1891 2088 2191 2146 mentem
2240 2074 2595 2145 tremendo
2643 2073 2763 2143 illo
2795 2087 3133 2165 tempore,

570 2164 852 2251 quando
892 2163 1063 2255 ipse,
1098 2164 1310 2237 coelis
1354 2186 1436 2235 ac
1474 2164 1676 2236 terris
1734 2164 2163 2245 ardentibus,
2205 2173 2541 2232 venturus
2572 2162 2779 2232 estin
2821 2163 3138 2236 nubibus
3251 2220 3260 2231 .

569 2273 732 2322 cum
761 2265 1093 2344 potestate
1126 2275 1383 2344 magna
1410 2276 1490 2324 ae
1518 2253 1872 2343 majestate
1904 2251 1988 2321 ad
2012 2251 2434 2341 judicandos
2463 2250 2648 2322 vivos
2677 2274 2759 2321 ae
2791 2264 3132 2324 mortuos,

568 2343 852 2432 Propter
896 2340 1108 2427 quod,
1162 2342 1409 2429 inquit,
1461 2351 1728 2432 oportet
1759 2361 1884 2410 nos
1931 2339 2392 2410 admonitioni
2416 2340 2568 2429 ejus
2597 2339 2872 2411 coelesti
2899 2340 3140 2411 debito

569 2450 735 2499 cum
774 2429 1016 2501 timore
1062 2441 1127 2499 et
1174 2449 1408 2499 amore
1455 2428 1915 2520 respondere:
1968 2440 2044 2498 ut
2091 2428 2359 2516 quoties
2388 2431 2545 2498 aere
2573 2439 2941 2511 commot0,
2979 2452 3136 2501 ma-

570 2538 740 2588 num
792 2518 997 2606 quasi
1042 2517 1129 2587 ad
1178 2517 1569 2587 feriendum
1604 2517 1937 2589 minitans
1983 2517 2217 2599 erexit,
2281 2539 2408 2586 nec
2443 2517 2672 2587 adhuc
2706 2530 2935 2604 tamen
2971 2539 3136 2608 per-

569 2605 763 2688 cutit,
811 2628 969 2677 mox
1014 2606 1168 2698 ejus
1215 2604 1673 2696 imploremus
1711 2605 2287 2686 misericordiam,
2330 2615 2397 2676 et
2427 2604 2764 2676 discussis
2814 2619 3139 2695 penetra-

569 2693 758 2766 libus
789 2693 1020 2766 cordis
1070 2692 1310 2775 nostri,
1364 2705 1569 2781 atque
1615 2693 2014 2785 expurgatis
2062 2694 2391 2764 vitiorum
2420 2693 2815 2776 ruderibus,
2852 2694 3135 2781 soliciti,

568 2803 656 2853 ne
704 2804 1018 2870 unquam
1062 2782 1330 2872 percuti
1379 2803 1794 2864 mereamur,
1828 2804 2196 2883 agamus»

657 2871 695 2958 ξ
754 2873 915 2943 lo.
969 2870 1571 2941 Convenit'autem
1629 2870 2032 2941 revelationi
2078 2882 2144 2941 et
2198 2870 2517 2940 relationi
2564 2867 2851 2970 praefati
2899 2870 3144 2942 fratris

569 2956 656 3027 de
683 2956 877 3028 obitu
924 2957 1136 3048 hujus
1185 2957 1535 3042 antistitiS,
1587 2957 1796 3028 etiam
1845 2980 2072 3031 sermo
2119 2957 2680 3030 reverendissimi
2738 2958 2955 3049 patris
3003 2964 3145 3051 Eg-

566 3044 768 3128 berti,
806 3045 891 3115 de
918 3067 1057 3133 quo
1105 3069 1320 3137 supra
1365 3046 1671 3117 diximus
1701 3047 1824 3135 qui
1871 3046 2143 3118 dudum
2176 3069 2340 3117 curn
2387 3045 2626 3116 eodem
2676 3045 2945 3116 Ceadda
2972 3047 3145 3119 ado-

569 3131 889 3216 lescente,
941 3145 1007 3204 et
1052 3134 1202 3226 ipse
1233 3134 1635 3206 adolescens
1667 3135 1741 3206 in
1790 3136 2143 3226 Hybernia
2190 3129 2668 3206 monachicam
2704 3134 2774 3203 in
2806 3136 3140 3207 orationi-

564 3219 702 3292 bus
748 3234 812 3292 et
858 3221 1281 3294 continentia
1329 3247 1408 3293 ac
1443 3222 1886 3295 meditatione
1934 3223 2330 3293 divinarum
2377 3223 2884 3313 scripturarum
2923 3224 3138 3294 vitam

568 3309 857 3382 sedulus
903 3312 1172 3402 agebat.
1211 3312 1336 3383 Sed
1389 3312 1510 3383 illo
1560 3311 2004 3403 postmodum
2053 3311 2123 3381 in
2174 3310 2467 3402 patriam
2503 3332 2796 3390 reverso,
2828 3310 2978 3401 ipse
3008 3334 3135 3402 pe-

567 3398 891 3490 regrinus
989 3421 1064 3470 ro
1113 3400 1402 3472 Domino
1451 3422 1675 3488 usque
1703 3399 1791 3469 ad
1825 3399 2037 3470 finem
2086 3399 2265 3470 vitae
2313 3398 2715 3490 permansit.
2752 3404 2921 3469 Cum
2967 3421 3139 3492 ergo

567 3486 830 3557 veniret
875 3421 984 3563 arf
1011 3510 1173 3558 eum
1206 3487 1413 3581 longo
1460 3502 1617 3580 post
1661 3500 1970 3580 tempore
2014 3489 2233 3589 gratia
2283 3486 2697 3558 visitationis
2729 3487 2815 3556 de
2864 3486 3138 3558 Britan-

568 3574 689 3644 nia
738 3575 841 3646 vir
905 3576 1389 3648 sanctissimus
1436 3588 1503 3647 et
1549 3574 2197 3647 continentissimus
2254 3575 2587 3645 vocabulo
2635 3575 2958 3667 Higbald,
3009 3577 3139 3677 qui

565 3673 709 3733 erat
757 3663 980 3734 Abbas
1027 3664 1099 3733 in
1138 3664 1494 3755 provincia
1540 3663 1862 3744 Lindissi,
1913 3676 2001 3744 et,
2039 3676 2117 3735 ut
2176 3676 2452 3734 sanctos
2509 3663 2816 3744 decebat,
2856 3663 2944 3734 de
2993 3679 3135 3736 vita

566 3765 848 3842 patrum
898 3751 1213 3842 priorum
1260 3774 1651 3824 sermonem
1706 3753 2032 3833 facerent,
2085 3762 2291 3839 atque
2337 3751 2519 3821 hanc
2572 3751 2911 3822 aemulari
2958 3775 3139 3853 gau-

566 3837 830 3922 derent,
880 3839 1247 3911 intervenit
1294 3842 1552 3913 mentio
1598 3839 2158 3912 reverendissimi
2205 3838 2535 3910 antistitis
2581 3839 2872 3922 Ceadda,
2924 3841 3138 3911 dixit-

565 3948 703 4015 que
750 3928 1041 4019 Egbert:
1096 3930 1294 4001 «Scio
1348 3930 1704 4001 hominem
1755 3929 1828 4000 in
1868 3927 1999 3999 hac
2045 3927 2278 3998 insula
2324 3928 2557 3998 adhuc
2605 3927 2676 3997 in
2703 3949 2934 4028 ‘carne
2979 3952 3136 4000 ma-

565 4028 869 4099 nentem,
972 4016 1072 4099 ui,
1126 4039 1288 4088 cum
1339 4017 1445 4088 vir
1504 4018 1621 4088 ille
1683 4018 1771 4088 de
1835 4015 2100 4088 mundo
2162 4016 2522 4098 transiret,
2579 4015 2750 4085 vidit
2819 4016 3131 4087 animam

565 4104 858 4187 Ceaddi,
958 4106 1163 4178 ratris
1208 4105 1458 4196 ipsius,
1530 4128 1693 4177 cum
1745 4104 2025 4198 agmine
2087 4104 2498 4200 angelorum
2563 4103 2981 4176 descendere
3045 4105 3135 4186 de

565 4192 779 4276 coe10,
833 4205 899 4264 et
945 4196 1309 4285 assumpta
1374 4216 1615 4265 secum
1681 4193 1919 4263 anima
1963 4192 2159 4283 ejus,
2225 4193 2314 4263 ad
2380 4192 2701 4263 coelestia
2764 4214 2977 4285 regna
3024 4215 3135 4264 re-

564 4280 749 4382 dire..
792 4283 984 4367 Quod
1035 4294 1275 4354 utrum
1320 4281 1409 4354 de
1462 4304 1559 4365 se,
1603 4304 1694 4354 an
1743 4280 1829 4354 de
1875 4280 2012 4353 alio
2059 4282 2294 4369 aliquo
2327 4279 2606 4361 diceret,
2653 4280 2856 4352 nobis
2904 4302 3134 4353 rema-

567 4381 683 4440 net
729 4383 1150 4442 incertum.»

3265 4189 3274 4714 ᾑ-ὲ-ῴᾳψᾷᾼ-
