3327 4999
732 335 860 399 1160
1255 337 1258 340 ’
1530 352 1611 398 na
1658 352 1714 399 s.
1768 350 2080 399 cancomo
2128 351 2287 398 rArA
2783 333 3005 399 MART.
3051 333 3111 397 ⁴2

638 443 700 502 te
747 431 1090 512 volumuS,
1129 431 1230 501 vel
1269 431 1443 500 sicut
1482 430 1768 531 praefati
1819 447 2086 510 sumus,
2145 453 2412 522 ρωπος,
2457 431 2573 518 qui
2626 431 2693 499 in
2734 431 3112 520 omnipoten-

638 522 724 592 tis
773 522 888 590 Dei
937 520 1206 591 servitio
1265 519 1646 609 proficiant.
1729 520 1854 589 Sed
1922 521 2088 606 quia
2136 520 2385 611 pagani
2436 533 2641 600 sunt,
2694 520 2809 607 qui
2855 519 2983 588 illic
3036 519 3113 587 in-

636 610 852 679 veniri
885 624 1209 700 possunt,
1247 608 1395 676 volo
1435 619 1508 676 ut
1541 630 1701 678 cum
1733 609 1833 678 eis
1882 610 2235 699 presbyter
2282 609 2804 689 transmittatur,
2861 629 2937 677 ne
2978 607 3111 694 quid

639 698 1092 790 aegritudinis
1140 696 1488 787 contingat
1519 696 1589 765 in
1630 696 1756 765 via:
1796 709 1872 767 ut
1916 719 2090 784 quos
2139 698 2507 769 morituros
2554 697 2988 788 conspexerit,
3021 697 3113 764 de-

639 787 794 857 beat
833 786 1200 876 baptizare.

726 879 761 963 §
813 881 955 946 22.
1013 874 1365 944 Sardiniae
1412 895 1684 961 quoque
1731 874 2025 944 rusticos
2079 874 2490 944 mitissimus
2538 885 2756 944 rector
2800 871 3115 962 Gregorius

575 1010 578 1013 -
641 964 713 1036 in
760 986 986 1033 errore
1026 963 1375 1033 vetustatis
1423 962 1591 1032 adeo
1641 985 2041 1052 permanere
2088 962 2461 1044 condoluit,
2501 976 2578 1033 ut
2604 963 2994 1032 Januarium
3026 965 3117 1029 Ca·

641 1053 1015 1122 ralitanum
1065 1053 1464 1143 episcopum
1518 1073 1640 1152 pro
1690 1074 1772 1120 ne
1825 1052 2125 1141 ligentiis
2173 1051 2617 1142 increpando,
2672 1051 2846 1120 inter
2897 1063 3116 1120 caetera

644 1140 1019 1211 scriberet:
1066 1163 1100 1207 «
1145 1141 1401 1210 Accidit
1447 1140 1635 1209 aliud
1688 1163 1763 1208 va
1799 1140 1882 1209 de
1930 1140 2337 1229 lugendum,
2391 1141 2554 1227 quia
2602 1140 2791 1230 ipsos
2839 1138 3106 1215 rustico&

641 1252 815 1317 quos
862 1230 1064 1298 habet
1109 1229 1417 1308 ecclesia,
1482 1250 1668 1298 nunc
1716 1250 1936 1316 usque
1985 1229 2051 1297 in
2105 1228 2505 1299 infidelitate
2553 1250 2902 1298 remanere
2946 1224 3118 1317 negli-

689 1319 870 1388 entia
919 1317 1360 1388 fraternitatis
1407 1330 1668 1386 vestrae
1718 1318 2050 1406 permisit.
2106 1323 2182 1386 Et
2213 1318 2379 1404 quid
2418 1339 2534 1387 vos
2564 1317 2921 1397 admoneo,
2958 1329 3021 1384 ut
3050 1312 3116 1381 ad

639 1342 1008 1476 {ominum
1057 1420 1408 1475 extraneos
1456 1405 1839 1486 adducatiS,
1878 1406 1999 1492 qui
2047 1419 2302 1475 vestros
2349 1405 2689 1496 corrigere
2736 1406 2825 1474 ab
2872 1402 3117 1474 infideli-

641 1507 772 1565 tate
835 1496 1227 1595 negligitis?
1280 1494 1464 1564 Unde
1515 1517 1788 1564 necesse
1835 1507 1936 1564 est
1981 1517 2099 1563 vos
2150 1517 2269 1584 per
2314 1495 2543 1564 omnia
2593 1495 2662 1563 in
2712 1516 2943 1564 eorum
2996 1512 3121 1560 con-

638 1584 948 1653 versione
997 1584 1301 1674 vigilare.
1362 1588 1525 1652 Nam
1575 1583 1634 1669 si
1682 1581 2051 1673 cujuslibet
2097 1584 2400 1684 episcopi
2453 1584 2519 1651 in
2574 1582 2889 1652 Sardinia
2936 1577 3119 1649 insula

641 1694 990 1765 paganum
1044 1672 1380 1741 rusticum
1432 1672 1737 1741 invenire
1787 1684 2091 1761 potuerO,
2138 1695 2204 1740 tn
2257 1673 2491 1741 eodem
2542 1672 2865 1763 episcopo
2912 1669 3122 1740 fortiter

640 1761 1028 1830 vindicabo,
1081 1766 1232 1830 Jam
1294 1782 1449 1829 vero
1498 1761 1555 1828 si
1603 1762 1904 1830 rusticus
1953 1774 2177 1830 tantae
2226 1761 2431 1830 fuerit
2481 1759 2808 1850 perfidiae
2852 1772 2915 1829 et
2956 1756 3121 1826 obsti-

642 1850 941 1941 nationis
993 1850 1332 1929 inventus,
1384 1863 1459 1917 ut
1497 1848 1579 1918 ad
1634 1855 1843 1918 Deum
1895 1850 2123 1919 venire
2176 1850 2456 1917 minime
2504 1850 2921 1918 consentiat:
2981 1855 3121 1915 tanto

643 1937 996 2029 pensionis
1066 1960 1268 2006 onere
1334 1937 1726 2026 gravandus
1796 1949 1942 2018 est,
2000 1953 2075 2007 ut
2125 1938 2269 2028 ipsa
2318 1938 2690 2007 exactionis
2740 1959 2904 2007 suae
2952 1951 3123 2025 poena

641 2027 1094 2116 compellatur
1122 2026 1203 2094 ad
1241 2011 1713 2095 rectitudinem
1750 2025 2091 2096 festinare.
2134 2051 2167 2092 »
2200 2027 2389 2108 Quod
2431 2049 2588 2096 cum
2633 2026 2991 2116 Gregorius
3018 2022 3124 2090 sru—

640 2128 871 2185 ctuose
921 2115 1268 2201 simulque
1316 2114 1684 2184 salubriter
1728 2116 1798 2183 in
1851 2115 2201 2184 Sardiniae
2256 2116 2544 2185 rusticos
2596 2116 2999 2204 processisse
3038 2131 3120 2180 co·

640 2217 1016 2361 {nosce-ret,
1054 2204 1255 2272 etiam
1309 2204 1376 2272 in
1427 2209 1464 2273 J
1476 2205 1726 2274 udaeos
1776 2205 2340 2294 patrimoniorum
2379 2226 2661 2274 suorum
2701 2205 2989 2274 rusticos
3017 2218 3120 2268 non

692 2292 1065 2362 issimiliter
1111 2305 1212 2362 est
1259 2306 1544 2363 conatus
1591 2292 1971 2362 extendere.
2030 2293 2219 2362 Unde
2268 2294 2604 2382 cypriano
2652 2293 2941 2362 diacono
2988 2287 3121 2360 scri-

637 2381 761 2461 bit,
817 2382 1091 2451 dicens:
1148 2405 1183 2448 «
1219 2382 1527 2450 Pervenit
1573 2382 1655 2450 ad
1705 2404 1833 2458 me,
1886 2404 2032 2450 esse
2084 2382 2421 2450 Hebraeos
2472 2382 2536 2450 in
2612 2378 3121 2472 possessionibus

640 2471 912 2551 nostriS,
963 2471 1081 2558 qui
1131 2470 1433 2540 converti
1480 2469 1563 2538 ad
1614 2471 1984 2539 Dominum
2034 2470 2428 2540 nullatenus
2476 2470 2737 2540 volunt.
2807 2469 2928 2541 Sed
2979 2465 3126 2535 vide-

638 2572 751 2630 tur
785 2560 973 2630 mihi.
1015 2574 1106 2633 ,ut
1155 2581 1274 2649 per
1305 2580 1541 2628 omnes
1592 2560 2077 2649 possessioneS,
2116 2560 2181 2627 in
2233 2561 2487 2647 quibus
2536 2562 2824 2629 Hebraei
2860 2580 2998 2628 esse
3038 2574 3126 2621 no·

637 2661 950 2730 scuntur,
989 2647 1306 2737 epistolas
1357 2648 1812 2716 transmittere
1860 2648 2131 2727 debeas,
2166 2648 2263 2719 eis
2310 2672 2389 2717 ex
2441 2670 2547 2716 me
2598 2649 2981 2738 specialiter
3006 2664 3127 2735 pro·

637 2738 938 2817 mittens,
983 2736 1165 2824 quod
1212 2736 1630 2823 quicumque
1662 2736 1747 2805 ad
1794 2759 2025 2806 verum
2077 2742 2287 2806 Deum
2337 2749 2401 2806 et
2452 2737 2820 2806 Dominum
2865 2747 3127 2805 nostrum

635 2831 870 2895 Jesum
922 2825 1264 2893 Christum
1314 2848 1392 2893 ex
1441 2825 1539 2895 eis
1587 2847 1959 2895 conversus
2008 2826 2232 2906 fuerit,
2278 2848 2454 2895 onus
2496 2826 2857 2915 pensionis
2902 2825 3039 2914 ejus
3069 2836 3126 2917 e}

636 2914 869 3000 aliqua
920 2925 1106 3003 parte
1153 2912 1627 2983 imminuetur.
1683 2914 1873 2996 Quod
1923 2915 2014 2983 ita
2061 2936 2333 3001 quoque
2384 2914 2530 2983 lieri
2582 2914 2758 2995 volo,
2818 2926 2892 2983 ut
2924 2913 2979 2982 si
3009 2926 3128 3002 qut}

637 3024 716 3070 ex
763 3001 862 3070 eis
901 3023 1268 3070 conversus
1314 3001 1538 3082 suerit,
1594 3004 1652 3071 si
1703 3002 2001 3072 solidum
2044 3004 2393 3094 pensionis
2445 3003 2669 3084 habet,
2730 3000 3048 3071 tremissis
3084 3014 3131 3091 et

639 3090 929 3159 relaxari
978 3091 1240 3159 debeat.
1297 3091 1362 3160 Si
1425 3104 1557 3161 tres
1605 3090 1705 3160 vel
1756 3103 2071 3178 quatuor,
2127 3114 2313 3162 unus
2376 3092 2637 3162 solidus
2686 3091 3038 3161 relaxetur.
3081 3086 3130 3182 S}

636 3178 804 3265 quid
853 3178 1200 3269 ampliuS,
1244 3180 1388 3269 jam
1430 3181 1627 3269 juxta
1674 3180 1992 3250 eumdem
2047 3181 2327 3250 modum
2378 3180 2579 3250 debet
2628 3179 2951 3249 relaxatio
2988 3177 3127 3248 fieri,

637 3267 741 3336 vel
790 3281 967 3336 certe
1005 3268 1201 3357 juxta
1249 3268 1430 3355 quod
1480 3268 1755 3338 dilectio
1803 3281 1917 3339 tua
1968 3269 2396 3358 praeviderit,
2464 3282 2538 3339 ut
2583 3281 2647 3338 et
2693 3270 2782 3351 ei,
2842 3268 2960 3356 qui
3002 3282 3133 3358 con-

637 3357 955 3437 vertitur‚
1009 3378 1187 3426 onus
1253 3357 1618 3439 relevetur,
1679 3371 1745 3427 et
1804 3357 2275 3427 Ecclesiastica
2322 3357 2581 3428 utilitas
2642 3380 2777 3427 non
2829 3353 3011 3447 gravi
3052 3349 3133 3447 dt-

641 3445 928 3535 spendio
1001 3457 1372 3535 prematur.
1442 3453 1570 3516 Nec
1622 3447 1748 3515 hoc
1796 3446 2131 3515 inutiliter
2178 3447 2505 3522 facimus,
2575 3446 2631 3514 si
2685 3468 2809 3536 pro
2868 3438 3137 3533 levandis

638 3533 990 3635 pensionis
1030 3534 1377 3617 oneribuS,
1416 3557 1531 3605 eos
1578 3535 1660 3603 ad
1709 3535 1959 3621 Christi,
1987 3535 2277 3626 gratiam
2322 3535 2810 3625 perducamus.
2845 3533 3011 3617 Quia
3034 3540 3134 3628 etsi

637 3624 772 3714 ipsi
823 3622 1055 3694 minus
1105 3623 1394 3692 fideliter
1450 3624 1756 3703 veniunt,
1822 3624 1889 3692 hi
1943 3636 2192 3705 tamen,
2248 3625 2366 3711 qui
2416 3624 2501 3692 de
2545 3624 2645 3693 eis
2696 3624 2840 3692 nati
2888 3621 3132 3690 fuerint,

645 3710 777 3779 ‘am
829 3711 1102 3781 fidelius
1152 3711 1603 3803 baptizantur.
1643 3717 1769 3781 Aut
1809 3713 1992 3803 ipsos
2039 3735 2223 3803 ergo,
2262 3726 2381 3782 aut
2426 3712 2606 3781 filios
2652 3734 2890 3782 eorum
2941 3709 3136 3801 lucra-

691 3800 894 3869 imur.
966 3806 1041 3869 Et
1091 3802 1241 3871 ideo
1290 3823 1426 3870 non
1477 3814 1578 3871 est
1623 3824 1871 3892 grave,
1924 3802 2251 3891 quicquid
2305 3802 2388 3871 de
2439 3801 2765 3892 pensione
2818 3821 2937 3892 pro
2981 3795 3133 3866 Chri·

640 3901 740 3959 Sto
788 3889 1227 3959 dimittimus,
1272 3914 1305 3956 »
3064 3969 3075 3981 ι

725 3978 761 4064 ξ
814 3981 960 4049 28.
1020 3979 1378 4048 Enimvero
1430 3989 1567 4047 tam
1618 3978 1745 4048 levi
1801 3979 2146 4049 ationibus
2194 3978 2578 4058 dationum,
2613 4000 2822 4065 quam
2874 3990 3135 4066 pronus·

639 4065 952 4137 sionibus
1002 4067 1194 4156 regni
1262 4067 1606 4136 coelorum
1657 4003 1903 4137 sudaei
1953 4091 2073 4158 per
2118 4067 2385 4137 diversa
2447 4066 2597 4136 loca
2661 4067 2745 4136 ad
2798 4065 3132 4135 Christum,

637 4176 842 4240 quem
916 4167 1138 4243 patres
1185 4178 1421 4225 eorum
1471 4169 1915 4245 negaverunt,
1974 4156 2201 4226 venire
2248 4167 2644 4244 coeperunt.
2699 4155 2959 4237 Quibus
3002 4162 3138 4216 cum

639 4242 860 4312 salute
907 4244 1201 4324 animae,
1240 4246 1638 4314 vestimenta
1686 4267 1958 4332 quoque
2009 4244 2435 4335 baptizandis
2466 4243 2725 4314 habilia
2755 4236 3133 4331 conferebat:

640 4331 832 4401 Unde
881 4332 1202 4402 Faustino
1250 4332 1615 4415 defensori,
1656 4357 1692 4400 «
1730 4334 2040 4415 Domina,
2082 4334 2325 4420 inquit,
2372 4334 2728 4405 Abbatissa
2776 4337 3136 4400 monasterti

638 4422 855 4491 sancti
919 4421 1268 4513 Stephani,
1322 4422 1503 4510 quod
1554 4423 1625 4491 in
1675 4423 2111 4514 Agrigentino
2158 4436 2260 4493 est
2309 4422 2644 4493 territorio
2689 4418 3132 4492 constitutum·
