<?xml version="1.0" encoding="UTF-8"?>
<!DOCTYPE html PUBLIC "-//W3C//DTD XHTML 1.0 Transitional//EN"
    "http://www.w3.org/TR/xhtml1/DTD/xhtml1-transitional.dtd">
<html xmlns="http://www.w3.org/1999/xhtml" xml:lang="en" lang="en">
 <head>
  <title>
</title>
<meta http-equiv="Content-Type" content="text/html;charset=utf-8" />
  <meta name='ocr-system' content='tesseract 3.04.00' />
  <meta name='ocr-capabilities' content='ocr_page ocr_carea ocr_par ocr_line ocrx_word'/>
</head>
<body>
  <div class='ocr_page' id='page_1' title='image "./historiaeseuvit04lippgoog_0022.png"; bbox 0 0 3327 4999; ppageno 0'>
   <div class='ocr_carea' id='block_1_1' title="bbox 632 346 3104 418">
    <p class='ocr_par' dir='ltr' id='par_1_1' title="bbox 632 346 3104 418">
     <span class='ocr_line' id='line_1_1' title="bbox 632 346 3104 418; baseline -0.001 -1"><span class='ocrx_word' id='word_1_1' title='bbox 632 346 716 418; x_wconf 72' lang='lat'>⁴8</span> <span class='ocrx_word' id='word_1_2' title='bbox 1410 370 1490 417; x_wconf 69' lang='lat' dir='ltr'>nn</span> <span class='ocrx_word' id='word_1_3' title='bbox 1539 369 1595 417; x_wconf 78' lang='lat' dir='ltr'>s,</span> <span class='ocrx_word' id='word_1_4' title='bbox 1649 368 1894 417; x_wconf 61' lang='lat' dir='ltr'>cunm</span> <span class='ocrx_word' id='word_1_5' title='bbox 1940 365 2239 417; x_wconf 69' lang='lat' dir='ltr'>Emscoro</span> <span class='ocrx_word' id='word_1_6' title='bbox 2759 348 3004 415; x_wconf 75' lang='lat' dir='ltr'><strong>MART.</strong></span> <span class='ocrx_word' id='word_1_7' title='bbox 3059 350 3104 415; x_wconf 78' lang='lat'>2</span> 
     </span>
    </p>
   </div>
   <div class='ocr_carea' id='block_1_2' title="bbox 538 444 3114 1773">
    <p class='ocr_par' dir='ltr' id='par_1_2' title="bbox 538 444 3114 1773">
     <span class='ocr_line' id='line_1_2' title="bbox 539 444 3105 542; baseline -0.002 -21"><span class='ocrx_word' id='word_1_8' title='bbox 539 449 911 542; x_wconf 89' lang='lat' dir='ltr'>patientiae</span> <span class='ocrx_word' id='word_1_9' title='bbox 957 448 1447 540; x_wconf 87' lang='lat' dir='ltr'>perfectionem</span> <span class='ocrx_word' id='word_1_10' title='bbox 1495 448 1581 519; x_wconf 92' lang='lat' dir='ltr'>ad</span> <span class='ocrx_word' id='word_1_11' title='bbox 1628 449 1874 518; x_wconf 91' lang='lat' dir='ltr'>merita</span> <span class='ocrx_word' id='word_1_12' title='bbox 1921 459 2099 518; x_wconf 88' lang='lat' dir='ltr'>recte</span> <span class='ocrx_word' id='word_1_13' title='bbox 2146 444 2453 516; x_wconf 89' lang='lat' dir='ltr'>creditur</span> <span class='ocrx_word' id='word_1_14' title='bbox 2503 446 2895 537; x_wconf 87' lang='lat' dir='ltr'>pervenisse</span> <span class='ocrx_word' id='word_1_15' title='bbox 2936 468 3105 536; x_wconf 89' lang='lat' dir='ltr'>apo-</span> 
     </span>
     <span class='ocr_line' id='line_1_3' title="bbox 539 534 3106 636; baseline -0.002 -27"><span class='ocrx_word' id='word_1_16' title='bbox 539 539 803 620; x_wconf 88' lang='lat' dir='ltr'>stolica,</span> <span class='ocrx_word' id='word_1_17' title='bbox 848 558 1252 625; x_wconf 89' lang='lat' dir='ltr'>eorumque,</span> <span class='ocrx_word' id='word_1_18' title='bbox 1307 538 1489 606; x_wconf 90' lang='lat' dir='ltr'>inter</span> <span class='ocrx_word' id='word_1_19' title='bbox 1533 558 1709 625; x_wconf 89' lang='lat' dir='ltr'>quos</span> <span class='ocrx_word' id='word_1_20' title='bbox 1757 537 1990 609; x_wconf 91' lang='lat' dir='ltr'>clarus</span> <span class='ocrx_word' id='word_1_21' title='bbox 2035 534 2361 636; x_wconf 87' lang='lat' dir='ltr'>apparuit</span> <span class='ocrx_word' id='word_1_22' title='bbox 2407 535 2479 604; x_wconf 90' lang='lat' dir='ltr'>in</span> <span class='ocrx_word' id='word_1_23' title='bbox 2529 535 2692 615; x_wconf 88' lang='lat' dir='ltr'>fine,</span> <span class='ocrx_word' id='word_1_24' title='bbox 2748 545 2813 605; x_wconf 88' lang='lat' dir='ltr'>et</span> <span class='ocrx_word' id='word_1_25' title='bbox 2861 559 2901 603; x_wconf 91' lang='lat' dir='ltr'>a</span> <span class='ocrx_word' id='word_1_26' title='bbox 2942 534 3106 621; x_wconf 89' lang='lat' dir='ltr'>qui-</span> 
     </span>
     <span class='ocr_line' id='line_1_4' title="bbox 539 621 3106 717; baseline -0.002 -20"><span class='ocrx_word' id='word_1_27' title='bbox 539 628 676 697; x_wconf 93' lang='lat' dir='ltr'>bus</span> <span class='ocrx_word' id='word_1_28' title='bbox 753 626 1131 717; x_wconf 89' lang='lat' dir='ltr'>perductus</span> <span class='ocrx_word' id='word_1_29' title='bbox 1204 636 1306 697; x_wconf 88' lang='lat' dir='ltr'>est</span> <span class='ocrx_word' id='word_1_30' title='bbox 1379 626 1452 694; x_wconf 90' lang='lat' dir='ltr'>in</span> <span class='ocrx_word' id='word_1_31' title='bbox 1502 625 1866 695; x_wconf 88' lang='lat' dir='ltr'>coelestem</span> <span class='ocrx_word' id='word_1_32' title='bbox 1929 636 2224 714; x_wconf 79' lang='lat' dir='ltr'>patriam</span> <span class='ocrx_word' id='word_1_33' title='bbox 2273 621 2361 692; x_wconf 92' lang='lat' dir='ltr'>ad</span> <span class='ocrx_word' id='word_1_34' title='bbox 2411 623 2791 692; x_wconf 83' lang='lat' dir='ltr'>maximam</span> <span class='ocrx_word' id='word_1_35' title='bbox 2840 623 3106 713; x_wconf 82' lang='lat' dir='ltr'>gloriae</span> 
     </span>
     <span class='ocr_line' id='line_1_5' title="bbox 538 711 3107 804; baseline -0.003 -18"><span class='ocrx_word' id='word_1_36' title='bbox 538 736 896 786; x_wconf 83' lang='lat' dir='ltr'>coronam.</span> <span class='ocrx_word' id='word_1_37' title='bbox 949 719 1302 802; x_wconf 22' lang='lat' dir='ltr'>Ecce-quo</span> <span class='ocrx_word' id='word_1_38' title='bbox 1352 712 1662 804; x_wconf 90' lang='lat' dir='ltr'>praemio</span> <span class='ocrx_word' id='word_1_39' title='bbox 1724 714 2145 793; x_wconf 80' lang='lat' dir='ltr'><strong>honoratur,</strong></span> <span class='ocrx_word' id='word_1_40' title='bbox 2197 722 2265 780; x_wconf 88' lang='lat' dir='ltr'>et</span> <span class='ocrx_word' id='word_1_41' title='bbox 2313 732 2527 801; x_wconf 90' lang='lat' dir='ltr'>supra</span> <span class='ocrx_word' id='word_1_42' title='bbox 2577 711 2798 781; x_wconf 87' lang='lat' dir='ltr'>multa</span> <span class='ocrx_word' id='word_1_43' title='bbox 2844 711 3107 781; x_wconf 87' lang='lat' dir='ltr'>consti-</span> 
     </span>
     <span class='ocr_line' id='line_1_6' title="bbox 541 798 3105 891; baseline -0.002 -18"><span class='ocrx_word' id='word_1_44' title='bbox 541 802 765 873; x_wconf 88' lang='lat' dir='ltr'>tuitur</span> <span class='ocrx_word' id='word_1_45' title='bbox 794 804 1023 874; x_wconf 90' lang='lat' dir='ltr'>bonus</span> <span class='ocrx_word' id='word_1_46' title='bbox 1060 801 1178 871; x_wconf 87' lang='lat' dir='ltr'>ille</span> <span class='ocrx_word' id='word_1_47' title='bbox 1212 823 1475 883; x_wconf 78' lang='lat' dir='ltr'>servuS,</span> <span class='ocrx_word' id='word_1_48' title='bbox 1513 802 1636 888; x_wconf 90' lang='lat' dir='ltr'>qui</span> <span class='ocrx_word' id='word_1_49' title='bbox 1680 822 1890 891; x_wconf 89' lang='lat' dir='ltr'>super</span> <span class='ocrx_word' id='word_1_50' title='bbox 1917 821 2143 891; x_wconf 89' lang='lat' dir='ltr'>pauca</span> <span class='ocrx_word' id='word_1_51' title='bbox 2180 799 2506 870; x_wconf 87' lang='lat' dir='ltr'>inventus</span> <span class='ocrx_word' id='word_1_52' title='bbox 2552 812 2658 869; x_wconf 90' lang='lat' dir='ltr'>est</span> <span class='ocrx_word' id='word_1_53' title='bbox 2701 798 2930 869; x_wconf 87' lang='lat' dir='ltr'>fidelis</span> <span class='ocrx_word' id='word_1_54' title='bbox 2969 804 3105 868; x_wconf 87' lang='lat' dir='ltr'>Re-</span> 
     </span>
     <span class='ocr_line' id='line_1_7' title="bbox 540 885 3110 981; baseline -0.002 -20"><span class='ocrx_word' id='word_1_55' title='bbox 540 913 700 961; x_wconf 82' lang='lat' dir='ltr'><strong>vera</strong></span> <span class='ocrx_word' id='word_1_56' title='bbox 725 891 912 960; x_wconf 89' lang='lat' dir='ltr'>enim</span> <span class='ocrx_word' id='word_1_57' title='bbox 944 902 1136 981; x_wconf 90' lang='lat' dir='ltr'>pater</span> <span class='ocrx_word' id='word_1_58' title='bbox 1163 890 1292 960; x_wconf 89' lang='lat' dir='ltr'>iste</span> <span class='ocrx_word' id='word_1_59' title='bbox 1330 889 1745 959; x_wconf 89' lang='lat' dir='ltr'>venerabilis</span> <span class='ocrx_word' id='word_1_60' title='bbox 1786 887 2245 979; x_wconf 89' lang='lat' dir='ltr'>perseveravit</span> <span class='ocrx_word' id='word_1_61' title='bbox 2273 908 2548 978; x_wconf 83' lang='lat' dir='ltr'>semper</span> <span class='ocrx_word' id='word_1_62' title='bbox 2576 910 2739 957; x_wconf 91' lang='lat' dir='ltr'>cum</span> <span class='ocrx_word' id='word_1_63' title='bbox 2773 885 3110 957; x_wconf 82' lang='lat' dir='ltr'>fratribus</span> 
     </span>
     <span class='ocr_line' id='line_1_8' title="bbox 540 974 3111 1078; baseline -0.002 -28"><span class='ocrx_word' id='word_1_64' title='bbox 540 990 607 1050; x_wconf 90' lang='lat' dir='ltr'>et</span> <span class='ocrx_word' id='word_1_65' title='bbox 653 1000 793 1048; x_wconf 91' lang='lat' dir='ltr'>non</span> <span class='ocrx_word' id='word_1_66' title='bbox 842 979 1155 1049; x_wconf 82' lang='lat' dir='ltr'>cessabat</span> <span class='ocrx_word' id='word_1_67' title='bbox 1199 999 1423 1078; x_wconf 86' lang='lat' dir='ltr'>usque</span> <span class='ocrx_word' id='word_1_68' title='bbox 1470 977 1543 1046; x_wconf 89' lang='lat' dir='ltr'>in</span> <span class='ocrx_word' id='word_1_69' title='bbox 1594 978 1806 1047; x_wconf 85' lang='lat' dir='ltr'>finem</span> <span class='ocrx_word' id='word_1_70' title='bbox 1855 975 2200 1047; x_wconf 79' lang='lat' dir='ltr'>exhortari</span> <span class='ocrx_word' id='word_1_71' title='bbox 2246 996 2364 1045; x_wconf 88' lang='lat' dir='ltr'>eos</span> <span class='ocrx_word' id='word_1_72' title='bbox 2406 986 2472 1044; x_wconf 92' lang='lat' dir='ltr'>et</span> <span class='ocrx_word' id='word_1_73' title='bbox 2518 974 2942 1045; x_wconf 88' lang='lat' dir='ltr'>consolando</span> <span class='ocrx_word' id='word_1_74' title='bbox 2980 975 3111 1044; x_wconf 89' lang='lat' dir='ltr'>ad—</span> 
     </span>
     <span class='ocr_line' id='line_1_9' title="bbox 542 1063 3105 1157; baseline -0.002 -21"><span class='ocrx_word' id='word_1_75' title='bbox 542 1088 850 1149; x_wconf 89' lang='lat' dir='ltr'>monere,</span> <span class='ocrx_word' id='word_1_76' title='bbox 887 1077 963 1137; x_wconf 90' lang='lat' dir='ltr'>ut</span> <span class='ocrx_word' id='word_1_77' title='bbox 1000 1066 1264 1157; x_wconf 86' lang='lat' dir='ltr'>jugiter</span> <span class='ocrx_word' id='word_1_78' title='bbox 1313 1088 1381 1136; x_wconf 82' lang='lat' dir='ltr'>in</span> <span class='ocrx_word' id='word_1_79' title='bbox 1434 1077 1671 1137; x_wconf 86' lang='lat' dir='ltr'>sancto</span> <span class='ocrx_word' id='word_1_80' title='bbox 1729 1065 1972 1135; x_wconf 90' lang='lat' dir='ltr'>ordine</span> <span class='ocrx_word' id='word_1_81' title='bbox 2021 1075 2558 1155; x_wconf 87' lang='lat' dir='ltr'>perseverarent,</span> <span class='ocrx_word' id='word_1_82' title='bbox 2611 1076 2818 1150; x_wconf 88' lang='lat' dir='ltr'>atque</span> <span class='ocrx_word' id='word_1_83' title='bbox 2862 1063 2934 1132; x_wconf 93' lang='lat' dir='ltr'>in</span> <span class='ocrx_word' id='word_1_84' title='bbox 2987 1064 3105 1138; x_wconf 79' lang='lat' dir='ltr'>Dei</span> 
     </span>
     <span class='ocr_line' id='line_1_10' title="bbox 543 1151 3103 1256; baseline -0.002 -32"><span class='ocrx_word' id='word_1_85' title='bbox 543 1154 876 1226; x_wconf 88' lang='lat' dir='ltr'>laudibus</span> <span class='ocrx_word' id='word_1_86' title='bbox 923 1165 1428 1256; x_wconf 77' lang='lat' dir='ltr'>permanerent.</span> <span class='ocrx_word' id='word_1_87' title='bbox 1483 1159 1562 1223; x_wconf 88' lang='lat' dir='ltr'>Et</span> <span class='ocrx_word' id='word_1_88' title='bbox 1598 1176 1760 1224; x_wconf 89' lang='lat' dir='ltr'>cum</span> <span class='ocrx_word' id='word_1_89' title='bbox 1801 1154 2122 1244; x_wconf 85' lang='lat' dir='ltr'>cognovit</span> <span class='ocrx_word' id='word_1_90' title='bbox 2168 1151 2563 1242; x_wconf 83' lang='lat' dir='ltr'>proximum</span> <span class='ocrx_word' id='word_1_91' title='bbox 2600 1152 2813 1222; x_wconf 90' lang='lat' dir='ltr'>finem</span> <span class='ocrx_word' id='word_1_92' title='bbox 2863 1173 3103 1233; x_wconf 89' lang='lat' dir='ltr'>suum,</span> 
     </span>
     <span class='ocr_line' id='line_1_11' title="bbox 541 1240 3107 1329; baseline -0 -17"><span class='ocrx_word' id='word_1_93' title='bbox 541 1265 680 1313; x_wconf 91' lang='lat' dir='ltr'>non</span> <span class='ocrx_word' id='word_1_94' title='bbox 727 1254 1171 1313; x_wconf 78' lang='lat' dir='ltr'>contristatus</span> <span class='ocrx_word' id='word_1_95' title='bbox 1216 1255 1319 1315; x_wconf 89' lang='lat' dir='ltr'>est</span> <span class='ocrx_word' id='word_1_96' title='bbox 1366 1242 1585 1323; x_wconf 88' lang='lat' dir='ltr'>valde,</span> <span class='ocrx_word' id='word_1_97' title='bbox 1621 1241 1741 1311; x_wconf 89' lang='lat' dir='ltr'>sed</span> <span class='ocrx_word' id='word_1_98' title='bbox 1791 1242 2009 1311; x_wconf 89' lang='lat' dir='ltr'>oravit</span> <span class='ocrx_word' id='word_1_99' title='bbox 2056 1240 2320 1311; x_wconf 83' lang='lat' dir='ltr'>sobrie:</span> <span class='ocrx_word' id='word_1_100' title='bbox 2354 1251 2421 1310; x_wconf 90' lang='lat' dir='ltr'>et</span> <span class='ocrx_word' id='word_1_101' title='bbox 2454 1240 2696 1329; x_wconf 89' lang='lat' dir='ltr'>positis</span> <span class='ocrx_word' id='word_1_102' title='bbox 2742 1240 2817 1308; x_wconf 91' lang='lat' dir='ltr'>in</span> <span class='ocrx_word' id='word_1_103' title='bbox 2847 1240 3107 1311; x_wconf 88' lang='lat' dir='ltr'>lectulo</span> 
     </span>
     <span class='ocr_line' id='line_1_12' title="bbox 543 1327 3108 1418; baseline -0.002 -14"><span class='ocrx_word' id='word_1_104' title='bbox 543 1332 803 1404; x_wconf 88' lang='lat' dir='ltr'>sanctis</span> <span class='ocrx_word' id='word_1_105' title='bbox 851 1332 1206 1413; x_wconf 75' lang='lat' dir='ltr'>membrIS,</span> <span class='ocrx_word' id='word_1_106' title='bbox 1258 1330 1678 1400; x_wconf 79' lang='lat' dir='ltr'>obdormivit</span> <span class='ocrx_word' id='word_1_107' title='bbox 1722 1331 1998 1417; x_wconf 86' lang='lat' dir='ltr'>quietus</span> <span class='ocrx_word' id='word_1_108' title='bbox 2037 1329 2108 1398; x_wconf 89' lang='lat' dir='ltr'>in</span> <span class='ocrx_word' id='word_1_109' title='bbox 2158 1350 2350 1418; x_wconf 89' lang='lat' dir='ltr'>pace.</span> <span class='ocrx_word' id='word_1_110' title='bbox 2404 1333 2483 1398; x_wconf 85' lang='lat' dir='ltr'>Et</span> <span class='ocrx_word' id='word_1_111' title='bbox 2529 1327 2810 1415; x_wconf 90' lang='lat' dir='ltr'>quidem</span> <span class='ocrx_word' id='word_1_112' title='bbox 2864 1341 3108 1399; x_wconf 90' lang='lat' dir='ltr'>octavo</span> 
     </span>
     <span class='ocr_line' id='line_1_13' title="bbox 539 1415 3113 1510; baseline -0 -22"><span class='ocrx_word' id='word_1_113' title='bbox 539 1441 726 1489; x_wconf 90' lang='lat' dir='ltr'>anno</span> <span class='ocrx_word' id='word_1_114' title='bbox 757 1420 953 1510; x_wconf 86' lang='lat' dir='ltr'>regni</span> <span class='ocrx_word' id='word_1_115' title='bbox 981 1418 1251 1488; x_wconf 89' lang='lat' dir='ltr'>domini</span> <span class='ocrx_word' id='word_1_116' title='bbox 1283 1418 1686 1488; x_wconf 87' lang='lat' dir='ltr'>Theodorici</span> <span class='ocrx_word' id='word_1_117' title='bbox 1716 1418 1921 1508; x_wconf 84' lang='lat' dir='ltr'>regis,</span> <span class='ocrx_word' id='word_1_118' title='bbox 1962 1415 2279 1487; x_wconf 87' lang='lat' dir='ltr'>Calendis</span> <span class='ocrx_word' id='word_1_119' title='bbox 2317 1417 2537 1486; x_wconf 88' lang='lat' dir='ltr'>Martii</span> <span class='ocrx_word' id='word_1_120' title='bbox 2560 1417 2907 1487; x_wconf 86' lang='lat' dir='ltr'>sarcinam</span> <span class='ocrx_word' id='word_1_121' title='bbox 2939 1438 3113 1488; x_wconf 92' lang='lat' dir='ltr'>suae</span> 
     </span>
     <span class='ocr_line' id='line_1_14' title="bbox 543 1503 3114 1598; baseline 0 -23"><span class='ocrx_word' id='word_1_122' title='bbox 543 1506 865 1598; x_wconf 79' lang='lat' dir='ltr'>deposuit</span> <span class='ocrx_word' id='word_1_123' title='bbox 892 1506 1147 1587; x_wconf 88' lang='lat' dir='ltr'>carnis,</span> <span class='ocrx_word' id='word_1_124' title='bbox 1185 1518 1250 1577; x_wconf 90' lang='lat' dir='ltr'>et</span> <span class='ocrx_word' id='word_1_125' title='bbox 1294 1519 1610 1598; x_wconf 87' lang='lat' dir='ltr'>receptus</span> <span class='ocrx_word' id='word_1_126' title='bbox 1638 1517 1742 1577; x_wconf 84' lang='lat' dir='ltr'>est</span> <span class='ocrx_word' id='word_1_127' title='bbox 1783 1527 1946 1575; x_wconf 90' lang='lat' dir='ltr'>cum</span> <span class='ocrx_word' id='word_1_128' title='bbox 1979 1503 2237 1576; x_wconf 87' lang='lat' dir='ltr'>sanctis</span> <span class='ocrx_word' id='word_1_129' title='bbox 2269 1526 2354 1574; x_wconf 90' lang='lat' dir='ltr'>an</span> <span class='ocrx_word' id='word_1_130' title='bbox 2409 1504 2536 1574; x_wconf 91' lang='lat' dir='ltr'>elis</span> <span class='ocrx_word' id='word_1_131' title='bbox 2571 1505 2642 1573; x_wconf 92' lang='lat' dir='ltr'>in</span> <span class='ocrx_word' id='word_1_132' title='bbox 2677 1505 2911 1575; x_wconf 88' lang='lat' dir='ltr'>sedem</span> <span class='ocrx_word' id='word_1_133' title='bbox 2951 1527 3114 1575; x_wconf 93' lang='lat' dir='ltr'>coe-</span> 
     </span>
     <span class='ocr_line' id='line_1_15' title="bbox 541 1593 3104 1681; baseline -0.001 -16"><span class='ocrx_word' id='word_1_134' title='bbox 541 1594 808 1678; x_wconf 90' lang='lat' dir='ltr'>lestem,</span> <span class='ocrx_word' id='word_1_135' title='bbox 872 1607 938 1665; x_wconf 91' lang='lat' dir='ltr'>et</span> <span class='ocrx_word' id='word_1_136' title='bbox 983 1618 1024 1664; x_wconf 98' lang='lat' dir='ltr'>a</span> <span class='ocrx_word' id='word_1_137' title='bbox 1075 1595 1171 1665; x_wconf 92' lang='lat' dir='ltr'>ud</span> <span class='ocrx_word' id='word_1_138' title='bbox 1220 1596 1594 1665; x_wconf 84' lang='lat' dir='ltr'>Dominum</span> <span class='ocrx_word' id='word_1_139' title='bbox 1642 1606 1961 1664; x_wconf 91' lang='lat' dir='ltr'>nostrum</span> <span class='ocrx_word' id='word_1_140' title='bbox 2019 1599 2261 1663; x_wconf 85' lang='lat' dir='ltr'>Jesum</span> <span class='ocrx_word' id='word_1_141' title='bbox 2310 1597 2353 1663; x_wconf 90' lang='lat' dir='ltr'>C</span> <span class='ocrx_word' id='word_1_142' title='bbox 2411 1593 2657 1663; x_wconf 88' lang='lat' dir='ltr'>ristum</span> <span class='ocrx_word' id='word_1_143' title='bbox 2707 1594 3104 1681; x_wconf 76' lang='lat' dir='ltr'>requiescit,</span> 
     </span>
     <span class='ocr_line' id='line_1_16' title="bbox 547 1681 2051 1773; baseline -0.002 -20"><span class='ocrx_word' id='word_1_144' title='bbox 547 1705 755 1771; x_wconf 91' lang='lat' dir='ltr'>quem</span> <span class='ocrx_word' id='word_1_145' title='bbox 806 1704 961 1754; x_wconf 90' lang='lat' dir='ltr'>vere</span> <span class='ocrx_word' id='word_1_146' title='bbox 1059 1683 1268 1766; x_wconf 87' lang='lat' dir='ltr'>ilexit,</span> <span class='ocrx_word' id='word_1_147' title='bbox 1311 1683 1428 1753; x_wconf 91' lang='lat' dir='ltr'>cui</span> <span class='ocrx_word' id='word_1_148' title='bbox 1471 1694 1574 1753; x_wconf 85' lang='lat' dir='ltr'>est</span> <span class='ocrx_word' id='word_1_149' title='bbox 1621 1681 1864 1773; x_wconf 86' lang='lat' dir='ltr'>gloria,</span> <span class='ocrx_word' id='word_1_150' title='bbox 1922 1693 2051 1751; x_wconf 88' lang='lat' dir='ltr'>etc.</span> 
     </span>
    </p>
   </div>
   <div class='ocr_carea' id='block_1_3' title="bbox 843 1905 2810 2008">
    <p class='ocr_par' dir='ltr' id='par_1_3' title="bbox 843 1905 2810 2008">
     <span class='ocr_line' id='line_1_17' title="bbox 843 1905 2810 2008; baseline 0.001 -3"><span class='ocrx_word' id='word_1_151' title='bbox 843 1906 1080 2008; x_wconf 82' lang='lat' dir='ltr'><strong>VITA</strong></span> <span class='ocrx_word' id='word_1_152' title='bbox 1131 1907 1209 2007; x_wconf 89' lang='lat' dir='ltr'>S.</span> <span class='ocrx_word' id='word_1_153' title='bbox 1268 1906 1737 2008; x_wconf 78' lang='lat' dir='ltr'><strong>CEADDAE</strong></span> <span class='ocrx_word' id='word_1_154' title='bbox 1783 1906 1982 2008; x_wconf 88' lang='lat' dir='ltr'>VEL</span> <span class='ocrx_word' id='word_1_155' title='bbox 2051 1905 2810 2008; x_wconf 73' lang='lat' dir='ltr'><strong>CEDDAE&#39;EPISC.</strong></span> 
     </span>
    </p>
   </div>
   <div class='ocr_carea' id='block_1_4' title="bbox 1564 2107 2109 2157">
    <p class='ocr_par' dir='ltr' id='par_1_4' title="bbox 1564 2107 2109 2157">
     <span class='ocr_line' id='line_1_18' title="bbox 1564 2107 2109 2157; baseline 0.002 -2"><span class='ocrx_word' id='word_1_156' title='bbox 1564 2108 1644 2155; x_wconf 79' lang='lat' dir='ltr'>Ex</span> <span class='ocrx_word' id='word_1_157' title='bbox 1692 2107 1814 2157; x_wconf 76' lang='lat' dir='ltr'>VEN</span> <span class='ocrx_word' id='word_1_158' title='bbox 1824 2138 1837 2153; x_wconf 87' lang='lat'><strong>.</strong></span> <span class='ocrx_word' id='word_1_159' title='bbox 1883 2107 2085 2155; x_wconf 64' lang='lat' dir='ltr'>namn</span> <span class='ocrx_word' id='word_1_160' title='bbox 2095 2140 2109 2156; x_wconf 89' lang='lat'><strong>.</strong></span> 
     </span>
    </p>
   </div>
   <div class='ocr_carea' id='block_1_5' title="bbox 728 2240 2936 2318">
    <p class='ocr_par' dir='ltr' id='par_1_5' title="bbox 728 2240 2936 2318">
     <span class='ocr_line' id='line_1_19' title="bbox 728 2240 2936 2318; baseline 0 -12"><span class='ocrx_word' id='word_1_161' title='bbox 728 2259 1027 2308; x_wconf 68' lang='lat' dir='ltr'>msromA</span> <span class='ocrx_word' id='word_1_162' title='bbox 1075 2258 1298 2308; x_wconf 69' lang='lat' dir='ltr'>omns</span> <span class='ocrx_word' id='word_1_163' title='bbox 1345 2258 1687 2307; x_wconf 61' lang='lat' dir='ltr'>Amazonum</span> <span class='ocrx_word' id='word_1_164' title='bbox 1720 2257 1903 2306; x_wconf 76' lang='lat' dir='ltr'>mano</span> <span class='ocrx_word' id='word_1_165' title='bbox 1937 2241 2002 2318; x_wconf 89' lang='lat'>3,</span> <span class='ocrx_word' id='word_1_166' title='bbox 2049 2256 2106 2306; x_wconf 89' lang='lat' dir='ltr'>c.</span> <span class='ocrx_word' id='word_1_167' title='bbox 2141 2240 2251 2316; x_wconf 77' lang='lat'>28,</span> <span class='ocrx_word' id='word_1_168' title='bbox 2295 2258 2372 2305; x_wconf 75' lang='lat' dir='ltr'>ET</span> <span class='ocrx_word' id='word_1_169' title='bbox 2403 2240 2469 2316; x_wconf 73' lang='lat'>4,</span> <span class='ocrx_word' id='word_1_170' title='bbox 2510 2256 2604 2306; x_wconf 90' lang='lat' dir='ltr'>cc.</span> <span class='ocrx_word' id='word_1_171' title='bbox 2660 2241 2723 2317; x_wconf 78' lang='lat'>2,</span> <span class='ocrx_word' id='word_1_172' title='bbox 2762 2259 2839 2305; x_wconf 77' lang='lat' dir='ltr'>Er</span> <span class='ocrx_word' id='word_1_173' title='bbox 2872 2241 2936 2306; x_wconf 87' lang='lat'>3.</span> 
     </span>
    </p>
   </div>
   <div class='ocr_carea' id='block_1_6' title="bbox 1254 2434 2417 2503">
    <p class='ocr_par' dir='ltr' id='par_1_6' title="bbox 1254 2434 2417 2503">
     <span class='ocr_line' id='line_1_20' title="bbox 1254 2434 2417 2503; baseline -0.003 -10"><span class='ocrx_word' id='word_1_174' title='bbox 1254 2434 1442 2493; x_wconf 75' lang='lat' dir='ltr'>Obiit</span> <span class='ocrx_word' id='word_1_175' title='bbox 1470 2449 1647 2491; x_wconf 80' lang='lat' dir='ltr'>anno</span> <span class='ocrx_word' id='word_1_176' title='bbox 1679 2435 1801 2490; x_wconf 80' lang='lat'>672</span> <span class='ocrx_word' id='word_1_177' title='bbox 1831 2462 1911 2472; x_wconf 90' lang='lat'><strong>—</strong></span> <span class='ocrx_word' id='word_1_178' title='bbox 1935 2434 2093 2490; x_wconf 75' lang='lat' dir='ltr'>Nat.</span> <span class='ocrx_word' id='word_1_179' title='bbox 2126 2435 2417 2503; x_wconf 76' lang='lat' dir='ltr'>Anglus.</span> 
     </span>
    </p>
   </div>
   <div class='ocr_carea' id='block_1_7' title="bbox 545 2613 3135 4297">
    <p class='ocr_par' dir='ltr' id='par_1_7' title="bbox 545 2613 3135 4297">
     <span class='ocr_line' id='line_1_21' title="bbox 637 2613 3114 2707; baseline -0 -17"><span class='ocrx_word' id='word_1_180' title='bbox 637 2621 676 2707; x_wconf 66' lang='grc' dir='ltr'>ξ</span> <span class='ocrx_word' id='word_1_181' title='bbox 736 2620 812 2690; x_wconf 78' lang='lat'>1.</span> <span class='ocrx_word' id='word_1_182' title='bbox 868 2622 1134 2688; x_wconf 86' lang='lat' dir='ltr'>Interea</span> <span class='ocrx_word' id='word_1_183' title='bbox 1181 2638 1297 2685; x_wconf 90' lang='lat' dir='ltr'>rex</span> <span class='ocrx_word' id='word_1_184' title='bbox 1342 2613 1645 2685; x_wconf 82' lang='lat' dir='ltr'>Alchfrid</span> <span class='ocrx_word' id='word_1_185' title='bbox 1698 2614 1886 2685; x_wconf 86' lang='lat' dir='ltr'>misit</span> <span class='ocrx_word' id='word_1_186' title='bbox 1933 2615 2328 2686; x_wconf 89' lang='lat' dir='ltr'>Wilfridum</span> <span class='ocrx_word' id='word_1_187' title='bbox 2379 2618 2860 2707; x_wconf 83' lang='lat' dir='ltr'>presbyterum</span> <span class='ocrx_word' id='word_1_188' title='bbox 2886 2620 2973 2690; x_wconf 92' lang='lat' dir='ltr'>ad</span> <span class='ocrx_word' id='word_1_189' title='bbox 3008 2643 3114 2689; x_wconf 86' lang='lat' dir='ltr'>re-</span> 
     </span>
     <span class='ocr_line' id='line_1_22' title="bbox 547 2703 3111 2860; baseline 0 -83"><span class='ocrx_word' id='word_1_190' title='bbox 547 2729 707 2798; x_wconf 82' lang='lat' dir='ltr'>gern</span> <span class='ocrx_word' id='word_1_191' title='bbox 756 2706 1135 2776; x_wconf 90' lang='lat' dir='ltr'>Galliarum</span> <span class='ocrx_word' id='word_1_192' title='bbox 1182 2704 1305 2790; x_wconf 88' lang='lat' dir='ltr'>qui</span> <span class='ocrx_word' id='word_1_193' title='bbox 1364 2724 1523 2772; x_wconf 90' lang='lat' dir='ltr'>eum</span> <span class='ocrx_word' id='word_1_194' title='bbox 1573 2703 1709 2772; x_wconf 88' lang='lat' dir='ltr'>sibi</span> <span class='ocrx_word' id='word_1_195' title='bbox 1769 2704 2055 2860; x_wconf 57' lang='lat' dir='ltr'>suisgue</span> <span class='ocrx_word' id='word_1_196' title='bbox 2108 2706 2500 2776; x_wconf 89' lang='lat' dir='ltr'>consecrari</span> <span class='ocrx_word' id='word_1_197' title='bbox 2548 2706 2802 2776; x_wconf 83' lang='lat' dir='ltr'>faceret</span> <span class='ocrx_word' id='word_1_198' title='bbox 2833 2709 3111 2797; x_wconf 67' lang='lat' dir='ltr'>‘episco-</span> 
     </span>
     <span class='ocr_line' id='line_1_23' title="bbox 547 2790 3111 2886; baseline -0 -21"><span class='ocrx_word' id='word_1_199' title='bbox 547 2817 745 2886; x_wconf 88' lang='lat' dir='ltr'>pum.</span> <span class='ocrx_word' id='word_1_200' title='bbox 797 2799 874 2862; x_wconf 80' lang='lat' dir='ltr'>At</span> <span class='ocrx_word' id='word_1_201' title='bbox 922 2793 1038 2860; x_wconf 91' lang='lat' dir='ltr'>ille</span> <span class='ocrx_word' id='word_1_202' title='bbox 1102 2791 1289 2861; x_wconf 88' lang='lat' dir='ltr'>misit</span> <span class='ocrx_word' id='word_1_203' title='bbox 1353 2790 1555 2859; x_wconf 90' lang='lat' dir='ltr'>illum</span> <span class='ocrx_word' id='word_1_204' title='bbox 1619 2790 1914 2861; x_wconf 90' lang='lat' dir='ltr'>ordinan</span> <span class='ocrx_word' id='word_1_205' title='bbox 1970 2814 2092 2862; x_wconf 90' lang='lat' dir='ltr'>um</span> <span class='ocrx_word' id='word_1_206' title='bbox 2157 2792 2243 2862; x_wconf 91' lang='lat' dir='ltr'>ad</span> <span class='ocrx_word' id='word_1_207' title='bbox 2312 2793 2762 2884; x_wconf 80' lang='lat' dir='ltr'>Agilbertum‚</span> <span class='ocrx_word' id='word_1_208' title='bbox 2827 2794 2912 2863; x_wconf 94' lang='lat' dir='ltr'>de</span> <span class='ocrx_word' id='word_1_209' title='bbox 2972 2816 3111 2881; x_wconf 89' lang='lat' dir='ltr'>quo</span> 
     </span>
     <span class='ocr_line' id='line_1_24' title="bbox 548 2878 3114 2980; baseline 0 -27"><span class='ocrx_word' id='word_1_210' title='bbox 548 2903 766 2972; x_wconf 91' lang='lat' dir='ltr'>supra</span> <span class='ocrx_word' id='word_1_211' title='bbox 810 2878 1140 2980; x_wconf 78' lang='lat' dir='ltr'>diximus,</span> <span class='ocrx_word' id='word_1_212' title='bbox 1206 2878 1330 2965; x_wconf 92' lang='lat' dir='ltr'>qui</span> <span class='ocrx_word' id='word_1_213' title='bbox 1394 2878 1634 2948; x_wconf 72' lang='lat' dir='ltr'>relicta</span> <span class='ocrx_word' id='word_1_214' title='bbox 1682 2879 2060 2961; x_wconf 75' lang='lat' dir='ltr'>Britannia,</span> <span class='ocrx_word' id='word_1_215' title='bbox 2115 2880 2500 2952; x_wconf 88' lang='lat' dir='ltr'>Parisiacae</span> <span class='ocrx_word' id='word_1_216' title='bbox 2547 2882 2842 2953; x_wconf 88' lang='lat' dir='ltr'>civitatis</span> <span class='ocrx_word' id='word_1_217' title='bbox 2890 2882 3114 2953; x_wconf 84' lang='lat' dir='ltr'>sactus</span> 
     </span>
     <span class='ocr_line' id='line_1_25' title="bbox 545 2971 3107 3125; baseline 0 -86"><span class='ocrx_word' id='word_1_218' title='bbox 545 2981 693 3040; x_wconf 91' lang='lat' dir='ltr'>erat</span> <span class='ocrx_word' id='word_1_219' title='bbox 750 2988 1142 3125; x_wconf 49' lang='lat' dir='ltr'>episcopua</span> <span class='ocrx_word' id='word_1_220' title='bbox 1180 2979 1247 3037; x_wconf 90' lang='lat' dir='ltr'>et</span> <span class='ocrx_word' id='word_1_221' title='bbox 1292 2977 1735 3037; x_wconf 87' lang='lat' dir='ltr'>consecratus</span> <span class='ocrx_word' id='word_1_222' title='bbox 1796 2979 1899 3039; x_wconf 90' lang='lat' dir='ltr'>est</span> <span class='ocrx_word' id='word_1_223' title='bbox 1954 2990 2210 3059; x_wconf 86' lang='lat' dir='ltr'>magno</span> <span class='ocrx_word' id='word_1_224' title='bbox 2258 2990 2421 3039; x_wconf 89' lang='lat' dir='ltr'>cum</span> <span class='ocrx_word' id='word_1_225' title='bbox 2477 2971 2739 3040; x_wconf 91' lang='lat' dir='ltr'>honore</span> <span class='ocrx_word' id='word_1_226' title='bbox 2786 2971 2873 3041; x_wconf 93' lang='lat' dir='ltr'>ab</span> <span class='ocrx_word' id='word_1_227' title='bbox 2928 2972 3107 3061; x_wconf 78' lang='lat' dir='ltr'>ipSO,</span> 
     </span>
     <span class='ocr_line' id='line_1_26' title="bbox 548 3053 3113 3146; baseline 0 -18"><span class='ocrx_word' id='word_1_228' title='bbox 548 3055 985 3128; x_wconf 89' lang='lat' dir='ltr'>convenienti</span> <span class='ocrx_word' id='word_1_229' title='bbox 1035 3076 1121 3125; x_wconf 91' lang='lat' dir='ltr'>us</span> <span class='ocrx_word' id='word_1_230' title='bbox 1183 3053 1510 3146; x_wconf 87' lang='lat' dir='ltr'>plurimis</span> <span class='ocrx_word' id='word_1_231' title='bbox 1550 3055 1896 3145; x_wconf 89' lang='lat' dir='ltr'>episcopis</span> <span class='ocrx_word' id='word_1_232' title='bbox 1944 3055 2017 3124; x_wconf 93' lang='lat' dir='ltr'>in</span> <span class='ocrx_word' id='word_1_233' title='bbox 2069 3058 2217 3127; x_wconf 93' lang='lat' dir='ltr'>vico</span> <span class='ocrx_word' id='word_1_234' title='bbox 2266 3078 2336 3126; x_wconf 92' lang='lat' dir='ltr'>re</span> <span class='ocrx_word' id='word_1_235' title='bbox 2390 3057 2454 3128; x_wconf 91' lang='lat' dir='ltr'>io</span> <span class='ocrx_word' id='word_1_236' title='bbox 2501 3059 2623 3146; x_wconf 88' lang='lat' dir='ltr'>qui</span> <span class='ocrx_word' id='word_1_237' title='bbox 2673 3072 2977 3140; x_wconf 89' lang='lat' dir='ltr'>vocatur,</span> <span class='ocrx_word' id='word_1_238' title='bbox 3032 3063 3113 3128; x_wconf 91' lang='lat' dir='ltr'>In</span> 
     </span>
     <span class='ocr_line' id='line_1_27' title="bbox 550 3142 3135 3237; baseline 0.001 -22"><span class='ocrx_word' id='word_1_239' title='bbox 550 3143 994 3235; x_wconf 88' lang='lat' dir='ltr'>Compendio.</span> <span class='ocrx_word' id='word_1_240' title='bbox 1034 3147 1182 3226; x_wconf 90' lang='lat' dir='ltr'>Quo</span> <span class='ocrx_word' id='word_1_241' title='bbox 1229 3142 1460 3212; x_wconf 88' lang='lat' dir='ltr'>adhuc</span> <span class='ocrx_word' id='word_1_242' title='bbox 1508 3142 1580 3211; x_wconf 87' lang='lat' dir='ltr'>in</span> <span class='ocrx_word' id='word_1_243' title='bbox 1629 3144 2117 3215; x_wconf 88' lang='lat' dir='ltr'>transmarinis</span> <span class='ocrx_word' id='word_1_244' title='bbox 2174 3146 2356 3236; x_wconf 88' lang='lat' dir='ltr'>parti</span> <span class='ocrx_word' id='word_1_245' title='bbox 2407 3168 2492 3215; x_wconf 91' lang='lat' dir='ltr'>us</span> <span class='ocrx_word' id='word_1_246' title='bbox 2539 3159 2694 3237; x_wconf 89' lang='lat' dir='ltr'>post</span> <span class='ocrx_word' id='word_1_247' title='bbox 2739 3148 3135 3225; x_wconf 70' lang='lat' dir='ltr'>ordinatio-=</span> 
     </span>
     <span class='ocr_line' id='line_1_28' title="bbox 548 3230 3115 3325; baseline 0.002 -23"><span class='ocrx_word' id='word_1_248' title='bbox 548 3254 709 3303; x_wconf 88' lang='lat' dir='ltr'>nem</span> <span class='ocrx_word' id='word_1_249' title='bbox 750 3231 1175 3312; x_wconf 87' lang='lat' dir='ltr'>demorante,</span> <span class='ocrx_word' id='word_1_250' title='bbox 1214 3231 1525 3301; x_wconf 88' lang='lat' dir='ltr'>imitatus</span> <span class='ocrx_word' id='word_1_251' title='bbox 1571 3230 1990 3302; x_wconf 88' lang='lat' dir='ltr'>industriam</span> <span class='ocrx_word' id='word_1_252' title='bbox 2040 3233 2169 3302; x_wconf 86' lang='lat' dir='ltr'>filii</span> <span class='ocrx_word' id='word_1_253' title='bbox 2217 3234 2401 3325; x_wconf 85' lang='lat' dir='ltr'>regis</span> <span class='ocrx_word' id='word_1_254' title='bbox 2441 3236 2639 3317; x_wconf 85' lang='lat' dir='ltr'>Oswi,</span> <span class='ocrx_word' id='word_1_255' title='bbox 2694 3237 2885 3306; x_wconf 88' lang='lat' dir='ltr'>misit</span> <span class='ocrx_word' id='word_1_256' title='bbox 2941 3241 3115 3306; x_wconf 87' lang='lat' dir='ltr'>Can-</span> 
     </span>
     <span class='ocr_line' id='line_1_29' title="bbox 548 3318 3115 3414; baseline 0.002 -23"><span class='ocrx_word' id='word_1_257' title='bbox 548 3321 718 3392; x_wconf 89' lang='lat' dir='ltr'>tiam</span> <span class='ocrx_word' id='word_1_258' title='bbox 764 3319 799 3354; x_wconf 68' lang='grc'>*</span> <span class='ocrx_word' id='word_1_259' title='bbox 844 3318 1074 3388; x_wconf 89' lang='lat' dir='ltr'>virum</span> <span class='ocrx_word' id='word_1_260' title='bbox 1122 3330 1480 3399; x_wconf 86' lang='lat' dir='ltr'>sanctum,</span> <span class='ocrx_word' id='word_1_261' title='bbox 1555 3318 1946 3390; x_wconf 89' lang='lat' dir='ltr'>modestum</span> <span class='ocrx_word' id='word_1_262' title='bbox 2014 3322 2370 3404; x_wconf 79' lang='lat' dir='ltr'>moribuS,</span> <span class='ocrx_word' id='word_1_263' title='bbox 2451 3324 2955 3414; x_wconf 89' lang='lat' dir='ltr'>scripturarum</span> <span class='ocrx_word' id='word_1_264' title='bbox 3021 3326 3115 3394; x_wconf 88' lang='lat' dir='ltr'>le-</span> 
     </span>
     <span class='ocr_line' id='line_1_30' title="bbox 546 3406 3112 3536; baseline 0.002 -56"><span class='ocrx_word' id='word_1_265' title='bbox 546 3409 775 3480; x_wconf 85' lang='lat' dir='ltr'>ctione</span> <span class='ocrx_word' id='word_1_266' title='bbox 821 3406 1245 3479; x_wconf 81' lang='lat' dir='ltr'>sufficienter</span> <span class='ocrx_word' id='word_1_267' title='bbox 1289 3407 1738 3490; x_wconf 80' lang='lat' dir='ltr'>instructum,</span> <span class='ocrx_word' id='word_1_268' title='bbox 1800 3419 1866 3479; x_wconf 89' lang='lat' dir='ltr'>et</span> <span class='ocrx_word' id='word_1_269' title='bbox 1927 3431 2007 3479; x_wconf 87' lang='lat' dir='ltr'>ea</span> <span class='ocrx_word' id='word_1_270' title='bbox 2063 3432 2245 3498; x_wconf 90' lang='lat' dir='ltr'>quae</span> <span class='ocrx_word' id='word_1_271' title='bbox 2306 3410 2575 3501; x_wconf 86' lang='lat' dir='ltr'>agenda</span> <span class='ocrx_word' id='word_1_272' title='bbox 2622 3412 2693 3481; x_wconf 89' lang='lat' dir='ltr'>in</span> <span class='ocrx_word' id='word_1_273' title='bbox 2747 3414 3112 3536; x_wconf 74' lang='lat' dir='ltr'>scripturis</span> 
     </span>
     <span class='ocr_line' id='line_1_31' title="bbox 548 3496 3114 3587; baseline 0.001 -20"><span class='ocrx_word' id='word_1_274' title='bbox 548 3496 908 3578; x_wconf 88' lang='lat' dir='ltr'>didicerat,</span> <span class='ocrx_word' id='word_1_275' title='bbox 964 3496 1293 3586; x_wconf 90' lang='lat' dir='ltr'>operibus</span> <span class='ocrx_word' id='word_1_276' title='bbox 1352 3496 1633 3566; x_wconf 89' lang='lat' dir='ltr'>solerter</span> <span class='ocrx_word' id='word_1_277' title='bbox 1680 3510 2164 3585; x_wconf 86' lang='lat' dir='ltr'>exequentem:</span> <span class='ocrx_word' id='word_1_278' title='bbox 2214 3499 2340 3587; x_wconf 90' lang='lat' dir='ltr'>qui</span> <span class='ocrx_word' id='word_1_279' title='bbox 2387 3501 2840 3573; x_wconf 86' lang='lat' dir='ltr'>Eboracensis</span> <span class='ocrx_word' id='word_1_280' title='bbox 2926 3503 2954 3530; x_wconf 66' lang='lat'>⁴</span> <span class='ocrx_word' id='word_1_281' title='bbox 3001 3523 3114 3570; x_wconf 90' lang='lat' dir='ltr'>ec-</span> 
     </span>
     <span class='ocr_line' id='line_1_32' title="bbox 547 3584 3116 3688; baseline 0.002 -32"><span class='ocrx_word' id='word_1_282' title='bbox 547 3585 799 3656; x_wconf 88' lang='lat' dir='ltr'>clesiae</span> <span class='ocrx_word' id='word_1_283' title='bbox 844 3584 1288 3655; x_wconf 87' lang='lat' dir='ltr'>ordinaretur</span> <span class='ocrx_word' id='word_1_284' title='bbox 1355 3584 1752 3675; x_wconf 77' lang='lat' dir='ltr'>episcopus,</span> <span class='ocrx_word' id='word_1_285' title='bbox 1807 3591 1966 3656; x_wconf 89' lang='lat' dir='ltr'>Erat</span> <span class='ocrx_word' id='word_1_286' title='bbox 2027 3599 2258 3657; x_wconf 89' lang='lat' dir='ltr'>autem</span> <span class='ocrx_word' id='word_1_287' title='bbox 2319 3587 2710 3688; x_wconf 84' lang='lat' dir='ltr'>presbyter,</span> <span class='ocrx_word' id='word_1_288' title='bbox 2779 3591 3116 3661; x_wconf 90' lang='lat' dir='ltr'>vocabulo</span> 
     </span>
     <span class='ocr_line' id='line_1_33' title="bbox 552 3672 3119 3778; baseline 0.002 -34"><span class='ocrx_word' id='word_1_289' title='bbox 552 3673 842 3755; x_wconf 88' lang='lat' dir='ltr'>Ceadda,</span> <span class='ocrx_word' id='word_1_290' title='bbox 896 3672 1104 3744; x_wconf 87' lang='lat' dir='ltr'>frater</span> <span class='ocrx_word' id='word_1_291' title='bbox 1149 3673 1710 3743; x_wconf 84' lang='lat' dir='ltr'>reverendissimi</span> <span class='ocrx_word' id='word_1_292' title='bbox 1759 3674 2087 3746; x_wconf 88' lang='lat' dir='ltr'>antistitis</span> <span class='ocrx_word' id='word_1_293' title='bbox 2127 3674 2360 3757; x_wconf 76' lang='lat' dir='ltr'>ceddi,</span> <span class='ocrx_word' id='word_1_294' title='bbox 2399 3677 2601 3767; x_wconf 82' lang='lat' dir='ltr'>cujus</span> <span class='ocrx_word' id='word_1_295' title='bbox 2652 3678 2929 3778; x_wconf 85' lang='lat' dir='ltr'>saepius</span> <span class='ocrx_word' id='word_1_296' title='bbox 2969 3701 3119 3748; x_wconf 89' lang='lat' dir='ltr'>me-</span> 
     </span>
     <span class='ocr_line' id='line_1_34' title="bbox 550 3761 3114 3855; baseline 0.001 -23"><span class='ocrx_word' id='word_1_297' title='bbox 550 3763 911 3845; x_wconf 88' lang='lat' dir='ltr'>minimus,</span> <span class='ocrx_word' id='word_1_298' title='bbox 965 3774 1031 3832; x_wconf 90' lang='lat' dir='ltr'>et</span> <span class='ocrx_word' id='word_1_299' title='bbox 1078 3762 1303 3833; x_wconf 85' lang='lat' dir='ltr'>Abbas</span> <span class='ocrx_word' id='word_1_300' title='bbox 1352 3762 1755 3832; x_wconf 88' lang='lat' dir='ltr'>monasterii</span> <span class='ocrx_word' id='word_1_301' title='bbox 1795 3761 2009 3842; x_wconf 87' lang='lat' dir='ltr'>illius,</span> <span class='ocrx_word' id='word_1_302' title='bbox 2054 3764 2240 3851; x_wconf 91' lang='lat' dir='ltr'>quod</span> <span class='ocrx_word' id='word_1_303' title='bbox 2287 3777 2572 3835; x_wconf 86' lang='lat' dir='ltr'>vocatur</span> <span class='ocrx_word' id='word_1_304' title='bbox 2631 3766 3114 3855; x_wconf 85' lang='lat' dir='ltr'>Lestmgaheu.</span> 
     </span>
     <span class='ocr_line' id='line_1_35' title="bbox 550 3850 3115 3940; baseline 0.001 -18"><span class='ocrx_word' id='word_1_305' title='bbox 550 3850 870 3938; x_wconf 84' lang='lat' dir='ltr'>Misitque</span> <span class='ocrx_word' id='word_1_306' title='bbox 918 3872 1031 3920; x_wconf 83' lang='lat' dir='ltr'>rex</span> <span class='ocrx_word' id='word_1_307' title='bbox 1078 3872 1240 3921; x_wconf 91' lang='lat' dir='ltr'>cum</span> <span class='ocrx_word' id='word_1_308' title='bbox 1292 3871 1373 3920; x_wconf 90' lang='lat' dir='ltr'>eo</span> <span class='ocrx_word' id='word_1_309' title='bbox 1422 3851 1907 3940; x_wconf 89' lang='lat' dir='ltr'>presbyterum</span> <span class='ocrx_word' id='word_1_310' title='bbox 1955 3873 2203 3934; x_wconf 88' lang='lat' dir='ltr'>suum,</span> <span class='ocrx_word' id='word_1_311' title='bbox 2277 3853 2612 3924; x_wconf 89' lang='lat' dir='ltr'>vocabulo</span> <span class='ocrx_word' id='word_1_312' title='bbox 2679 3853 3115 3938; x_wconf 88' lang='lat' dir='ltr'>Eadhedum,</span> 
     </span>
     <span class='ocr_line' id='line_1_36' title="bbox 548 3939 3124 4040; baseline 0.002 -31"><span class='ocrx_word' id='word_1_313' title='bbox 548 3940 671 4028; x_wconf 89' lang='lat' dir='ltr'>qui</span> <span class='ocrx_word' id='word_1_314' title='bbox 720 3950 955 4031; x_wconf 89' lang='lat' dir='ltr'>postea</span> <span class='ocrx_word' id='word_1_315' title='bbox 1010 3950 1342 4040; x_wconf 81' lang='lat' dir='ltr'>regnante</span> <span class='ocrx_word' id='word_1_316' title='bbox 1409 3939 1725 4029; x_wconf 86' lang='lat' dir='ltr'>ngrido,</span> <span class='ocrx_word' id='word_1_317' title='bbox 1784 3940 2128 4031; x_wconf 85' lang='lat' dir='ltr'>Rypensis</span> <span class='ocrx_word' id='word_1_318' title='bbox 2176 3941 2517 4012; x_wconf 88' lang='lat' dir='ltr'>Ecclesiae</span> <span class='ocrx_word' id='word_1_319' title='bbox 2572 3941 2847 4032; x_wconf 91' lang='lat' dir='ltr'>praesul</span> <span class='ocrx_word' id='word_1_320' title='bbox 2896 3941 3124 4015; x_wconf 85' lang='lat' dir='ltr'>factus</span> 
     </span>
     <span class='ocr_line' id='line_1_37' title="bbox 551 4027 3123 4121; baseline 0.002 -22"><span class='ocrx_word' id='word_1_321' title='bbox 551 4039 677 4099; x_wconf 89' lang='lat' dir='ltr'>est.</span> <span class='ocrx_word' id='word_1_322' title='bbox 733 4034 979 4098; x_wconf 88' lang='lat' dir='ltr'>Verum</span> <span class='ocrx_word' id='word_1_323' title='bbox 1016 4028 1119 4098; x_wconf 85' lang='lat' dir='ltr'>ill1</span> <span class='ocrx_word' id='word_1_324' title='bbox 1152 4027 1459 4099; x_wconf 87' lang='lat' dir='ltr'>Cantiam</span> <span class='ocrx_word' id='word_1_325' title='bbox 1510 4028 2008 4118; x_wconf 86' lang='lat' dir='ltr'>pervenientes,</span> <span class='ocrx_word' id='word_1_326' title='bbox 2042 4029 2458 4099; x_wconf 89' lang='lat' dir='ltr'>invenerunt</span> <span class='ocrx_word' id='word_1_327' title='bbox 2504 4029 3123 4121; x_wconf 82' lang='lat' dir='ltr'>Archiepiscopum</span> 
     </span>
     <span class='ocr_line' id='line_1_38' title="bbox 557 4116 3126 4208; baseline 0.001 -22"><span class='ocrx_word' id='word_1_328' title='bbox 557 4116 930 4188; x_wconf 89' lang='lat' dir='ltr'>Deusdedit</span> <span class='ocrx_word' id='word_1_329' title='bbox 966 4117 1100 4187; x_wconf 83' lang='lat' dir='ltr'>‘am</span> <span class='ocrx_word' id='word_1_330' title='bbox 1151 4116 1488 4208; x_wconf 84' lang='lat' dir='ltr'>migrasse</span> <span class='ocrx_word' id='word_1_331' title='bbox 1534 4116 1621 4186; x_wconf 91' lang='lat' dir='ltr'>de</span> <span class='ocrx_word' id='word_1_332' title='bbox 1670 4117 1938 4200; x_wconf 80' lang='lat' dir='ltr'>seculo,</span> <span class='ocrx_word' id='word_1_333' title='bbox 1979 4127 2047 4188; x_wconf 85' lang='lat' dir='ltr'>et</span> <span class='ocrx_word' id='word_1_334' title='bbox 2092 4116 2393 4188; x_wconf 88' lang='lat' dir='ltr'>necdum</span> <span class='ocrx_word' id='word_1_335' title='bbox 2424 4118 2638 4187; x_wconf 89' lang='lat' dir='ltr'>alium</span> <span class='ocrx_word' id='word_1_336' title='bbox 2681 4140 2807 4207; x_wconf 93' lang='lat' dir='ltr'>pro</span> <span class='ocrx_word' id='word_1_337' title='bbox 2836 4140 2914 4188; x_wconf 88' lang='lat' dir='ltr'>eo</span> <span class='ocrx_word' id='word_1_338' title='bbox 2953 4141 3126 4188; x_wconf 90' lang='lat' dir='ltr'>con-</span> 
     </span>
     <span class='ocr_line' id='line_1_39' title="bbox 558 4204 3124 4297; baseline 0 -20"><span class='ocrx_word' id='word_1_339' title='bbox 558 4206 878 4277; x_wconf 87' lang='lat' dir='ltr'>stitutum</span> <span class='ocrx_word' id='word_1_340' title='bbox 953 4206 1142 4276; x_wconf 89' lang='lat' dir='ltr'>uisse</span> <span class='ocrx_word' id='word_1_341' title='bbox 1189 4204 1612 4296; x_wconf 86' lang='lat' dir='ltr'>pontificem.</span> <span class='ocrx_word' id='word_1_342' title='bbox 1681 4205 1875 4275; x_wconf 90' lang='lat' dir='ltr'>Unde</span> <span class='ocrx_word' id='word_1_343' title='bbox 1921 4205 2348 4276; x_wconf 87' lang='lat' dir='ltr'>diverterunt</span> <span class='ocrx_word' id='word_1_344' title='bbox 2393 4205 2480 4275; x_wconf 91' lang='lat' dir='ltr'>ad</span> <span class='ocrx_word' id='word_1_345' title='bbox 2532 4207 2959 4297; x_wconf 90' lang='lat' dir='ltr'>provinciam</span> <span class='ocrx_word' id='word_1_346' title='bbox 3008 4229 3124 4278; x_wconf 90' lang='lat' dir='ltr'>oc·-</span> 
     </span>
    </p>
   </div>
   <div class='ocr_carea' id='block_1_8' title="bbox 558 4293 3126 4386">
    <p class='ocr_par' dir='ltr' id='par_1_8' title="bbox 558 4293 3126 4386">
     <span class='ocr_line' id='line_1_40' title="bbox 558 4293 3126 4386; baseline 0.001 -21"><span class='ocrx_word' id='word_1_347' title='bbox 558 4294 1010 4366; x_wconf 88' lang='lat' dir='ltr'>cidentalium</span> <span class='ocrx_word' id='word_1_348' title='bbox 1062 4297 1450 4377; x_wconf 77' lang='lat' dir='ltr'>Saxonum,</span> <span class='ocrx_word' id='word_1_349' title='bbox 1503 4293 1626 4363; x_wconf 89' lang='lat' dir='ltr'>ubi</span> <span class='ocrx_word' id='word_1_350' title='bbox 1689 4303 1835 4364; x_wconf 89' lang='lat' dir='ltr'>erat</span> <span class='ocrx_word' id='word_1_351' title='bbox 1894 4293 2078 4366; x_wconf 89' lang='lat' dir='ltr'>Wini</span> <span class='ocrx_word' id='word_1_352' title='bbox 2138 4294 2550 4386; x_wconf 87' lang='lat' dir='ltr'>episcopus:</span> <span class='ocrx_word' id='word_1_353' title='bbox 2604 4307 2670 4365; x_wconf 91' lang='lat' dir='ltr'>et</span> <span class='ocrx_word' id='word_1_354' title='bbox 2716 4294 2804 4365; x_wconf 89' lang='lat' dir='ltr'>ab</span> <span class='ocrx_word' id='word_1_355' title='bbox 2853 4295 2971 4364; x_wconf 88' lang='lat' dir='ltr'>illo</span> <span class='ocrx_word' id='word_1_356' title='bbox 3018 4310 3126 4368; x_wconf 87' lang='lat' dir='ltr'>est</span> 
     </span>
    </p>
   </div>
   <div class='ocr_carea' id='block_1_9' title="bbox 612 4447 2855 4502">
    <p class='ocr_par' dir='ltr' id='par_1_9' title="bbox 612 4447 2855 4502">
     <span class='ocr_line' id='line_1_41' title="bbox 612 4447 2855 4502; baseline 0.001 -14"><span class='ocrx_word' id='word_1_357' title='bbox 612 4447 640 4476; x_wconf 73' lang='lat'>¹·</span> <span class='ocrx_word' id='word_1_358' title='bbox 669 4449 794 4497; x_wconf 68' lang='lat' dir='ltr'>Kmt,</span> <span class='ocrx_word' id='word_1_359' title='bbox 824 4447 1087 4493; x_wconf 69' lang='lat' dir='ltr'>comitatus</span> <span class='ocrx_word' id='word_1_360' title='bbox 1104 4448 1285 4491; x_wconf 67' lang='lat' dir='ltr'>habens</span> <span class='ocrx_word' id='word_1_361' title='bbox 1304 4449 1473 4492; x_wconf 81' lang='lat' dir='ltr'>urbem</span> <span class='ocrx_word' id='word_1_362' title='bbox 1492 4448 1757 4500; x_wconf 77' lang='lat' dir='ltr'>principem</span> <span class='ocrx_word' id='word_1_363' title='bbox 1775 4449 2064 4502; x_wconf 65' lang='lat' dir='ltr'>canter-bury,</span> <span class='ocrx_word' id='word_1_364' title='bbox 2087 4447 2401 4491; x_wconf 64' lang='lat' dir='ltr'>cantuariam.</span> <span class='ocrx_word' id='word_1_365' title='bbox 2611 4450 2666 4478; x_wconf 57' lang='grc' dir='ltr'>Φ*</span> <span class='ocrx_word' id='word_1_366' title='bbox 2700 4451 2855 4491; x_wconf 71' lang='lat' dir='ltr'>roi-ck.</span> 
     </span>
    </p>
   </div>
  </div>
 </body>
</html>
