3327 4999
192 347 440 412 MART.
495 346 581 410 20
808 362 887 407 DE
938 361 992 407 s.
1048 355 1421 406 cnrnnssnro
1470 359 1675 409 EPISC.
1725 363 2128 411 unum-ARN.
2539 350 2669 414 409

193 444 546 513 venientes
574 441 659 511 ad
691 462 806 509 vos
832 438 1321 539 hospitalitatis
1348 442 1570 530 gratia
1602 442 2017 511 domesticos
2047 442 2231 525 fidei,
2264 443 2573 514 habeatis
2599 468 2764 515 con·

198 531 534 631 temptui:
589 528 707 599 sed
773 526 1206 596 familiariter
1253 550 1333 595 ac
1380 529 1680 620 benigne
1727 531 1898 600 tales
1947 533 2299 621 suscipere
2333 588 2349 614 ,
2404 546 2633 602 tenere
2680 557 2758 603 ac

198 620 544 689 dimittere
592 629 852 686 curate:
907 636 1344 713 nequaquam
1388 639 1508 688 vos
1549 618 1868 689 meliores
1916 619 2328 689 arbitrantes
2368 622 2651 690 caeteris
2689 646 2762 693 e-

189 707 473 799 jusdem
506 706 667 776 fidei
698 717 762 773 et
790 705 967 773 vitae
1014 707 1477 774 consortibus
1534 710 1704 775 Cum
1736 707 1876 777 illis
1909 721 2177 788 autem,
2214 709 2335 794 qui
2377 710 2462 778 ab
2493 710 2755 779 unitate

194 796 574 866 catholicae
624 793 861 882 pacis,
915 791 1018 859 vel
1085 792 1349 861 Pascha
1409 816 1547 862 non
1609 817 1736 864 suo
1787 808 2093 884 tempore
2141 797 2599 877 celebrandO,
2658 798 2761 867 vel

198 906 515 975 perverse
564 880 850 949 vivendo
899 882 1247 961 aberrant,
1302 882 1496 951 vobis
1546 883 1635 951 sit
1683 883 1878 951 nulla
1912 886 2342 954 communio.
2379 886 2759 971 sciatisque

196 986 265 1042 et
312 970 646 1041 memoria
696 968 1070 1049 retineatiS,
1124 968 1291 1055 quia
1339 971 1399 1039 si
1442 993 1562 1041 vos
1611 993 1832 1040 unum
1885 993 1922 1038 e
1969 971 2245 1041 duobus
2294 973 2602 1043 adversis
2635 974 2761 1042 eli-

196 1082 357 1152 gere
405 1059 777 1128 necessitas
825 1057 1148 1146 coegerit,
1212 1060 1430 1128 multo
1492 1059 1653 1150 plus
1711 1059 1949 1149 diligo,
2005 1072 2080 1128 ut
2138 1075 2456 1129 eruentes
2509 1062 2595 1129 de
2653 1072 2761 1130 tu-

195 1148 415 1229 mulo,
481 1147 931 1232 tollentesque
973 1146 1330 1214 vobiscum
1380 1169 1537 1218 ossa
1578 1169 1753 1227 mea,
1810 1148 2144 1217 recedatis
2194 1150 2279 1217 ab
2315 1149 2425 1218 bis
2460 1149 2650 1230 lociS,
2691 1161 2758 1219 et

197 1237 629 1321 ubicumque
678 1240 857 1303 Deus
908 1233 1306 1323 providerit,
1364 1235 1628 1305 incolae
1670 1236 2030 1315 maneatiS,
2069 1258 2277 1322 quam
2331 1249 2408 1305 ut
2461 1237 2607 1307 ulla
2660 1260 2765 1305 ra-

199 1325 386 1395 tione
446 1322 953 1393 consentientes
1006 1322 1408 1407 iniquitati,
1466 1323 2071 1393 schismaticorum
2124 1325 2298 1415 jugo
2356 1323 2535 1393 colla
2591 1326 2757 1394 sub-

193 1413 401 1481 datis.
459 1410 802 1481 Catholica
866 1421 1141 1499 patrum
1192 1423 1446 1481 statuta
1505 1411 2040 1500 diligentissime
2089 1412 2355 1481 discere
2405 1426 2610 1512 atque
2643 1414 2763 1481 ob-

84 1572 95 1581 ,
198 1521 474 1569 servare
532 1498 946 1567 contendite.
1012 1504 1105 1567 Ea
1162 1521 1479 1585 quoque,
1545 1521 1721 1586 quae
1798 1522 1921 1590 per
1983 1521 2216 1568 meum
2297 1501 2764 1570 ministerium

199 1588 397 1674 vobis
453 1586 689 1655 divina
769 1587 987 1676 pietas
1066 1587 1382 1657 instituta
1444 1588 1619 1656 vitae
1687 1587 2026 1678 regularis
2087 1588 2251 1656 dare
2301 1588 2579 1678 dignata
2634 1598 2757 1670 est,

205 1696 522 1746 exercere
569 1674 844 1744 soliciti.
902 1676 1053 1743 Scio
1101 1677 1313 1755 enim,
1359 1677 1523 1762 quia
1570 1676 1698 1744 etsi
1746 1676 2170 1762 quibusdam
2222 1677 2765 1766 contemptibilis

201 1763 364 1843 vixi,
413 1775 565 1852 post
605 1786 834 1832 meum
910 1776 1135 1832 tamen
1189 1764 1480 1843 obitum,
1543 1762 1774 1849 qualis
1822 1763 2069 1832 fuerim
2106 1819 2120 1845 ‚
2173 1786 2380 1849 quam
2436 1787 2587 1833 mea
2644 1765 2768 1834 do·-

201 1853 430 1921 ctrina
478 1873 615 1919 non
667 1853 755 1920 sit
821 1852 1376 1932 contemnenda,
1433 1852 1825 1921 videbitis.»
1860 1857 2040 1921 Haec
2089 1865 2154 1920 et
2204 1852 2314 1920 his
2364 1852 2621 1922 similia
2667 1853 2773 1920 vir

210 1940 331 2009 Dei
382 1961 504 2040 per
553 1939 912 2008 intervalla
976 1940 1294 2018 locumS,
1363 1940 1528 2025 quia
1588 1940 1693 2008 vis
1729 1994 1744 2020 ‚
1798 1952 1875 2007 ut
1930 1940 2235 2009 diximus
2270 1995 2284 2021 ‚
2347 1940 2770 2009 infirmitatis

213 2027 743 2118 possibilitatem
816 2027 1145 2113 loquendi
1213 2028 1609 2109 ademerat,
1662 2028 1973 2113 quietum
2044 2028 2510 2116 expectatione
2584 2028 2771 2095 futu-

207 2110 841 2200 rae‚beat‘itudinis
889 2116 1072 2185 diem
1124 2115 1318 2184 duxit
1367 2115 1449 2183 ad
1504 2137 1889 2204 vesperam.
1944 2115 2066 2183 Cui
2111 2116 2313 2183 etiam
2370 2115 2770 2204 pervigilem

208 2204 468 2291 quietis
542 2204 612 2271 in
682 2205 1008 2294 precibus
1068 2203 1498 2273 continuavit
1557 2214 1622 2271 et
1678 2215 1972 2271 noc-tem.
2048 2207 2125 2271 At
2188 2203 2307 2272 ubi
2359 2216 2772 2272 corsuetum

214 2303 598 2360 nocturnae
646 2291 977 2362 orationis
1034 2302 1310 2382 tempus
1364 2291 1641 2371 aderat,
1701 2291 2000 2380 acceptis
2050 2312 2090 2357 a
2154 2312 2264 2358 me
2322 2290 2772 2361 sacramentis

215 2379 644 2449 salutaribus
676 2434 691 2460 ‚
744 2380 1000 2448 exitum
1051 2402 1257 2447 suum
1293 2434 1307 2461 ,
1361 2401 1564 2464 quem
1611 2379 1759 2465 jam
1820 2379 2086 2448 venisse
2132 2379 2473 2467 cognovit,
2540 2378 2772 2447 Domi-

213 2467 356 2538 nici
408 2469 724 2558 Corporis
770 2479 837 2537 et
885 2467 1260 2556 Sanguinis
1308 2466 1799 2536 communione
1860 2466 2178 2547 munivit,
2244 2478 2447 2553 atque
2493 2465 2772 2536 elevatis

208 2557 294 2626 ad
361 2558 628 2625 coelum
680 2555 904 2627 oculis
937 2610 953 2634 ‚
1007 2557 1443 2642 extensisque
1490 2556 1560 2623 in
1612 2555 1827 2640 altum
1884 2556 2231 2634 manibuS,
2270 2555 2603 2624 intentam
2655 2578 2768 2627 su-

208 2645 447 2734 pernis
515 2644 843 2713 laudibus
902 2645 1208 2714 animam
1270 2644 1359 2712 ad
1423 2643 1680 2734 gaudia
1729 2644 1921 2744 regni
1971 2643 2283 2712 coelestis
2329 2643 2584 2712 emisit.

295 2735 335 2831 ς
384 2737 536 2804 45.
580 2737 656 2801 At
688 2754 815 2821 ego
846 2732 1074 2801 statim
1110 2754 1456 2820 egressuS‚
1514 2732 1841 2801 nunciavi
1890 2731 2152 2800 obitum
2204 2731 2355 2820 ojus
2402 2730 2754 2810 fratribuS,

203 2842 327 2905 qul
376 2832 442 2888 et
487 2819 623 2909 ipsi
673 2834 943 2888 noctem
994 2820 1346 2908 vigilando
1395 2832 1600 2904 atque
1647 2819 1909 2888 orando
1972 2830 2468 2908 transegerant,
2508 2829 2575 2886 et
2600 2828 2764 2886 tunc

205 2908 378 2976 forte
450 2909 580 2976 sub
650 2908 892 2977 ordine
941 2922 1317 2976 nocturnae
1368 2906 1597 2976 laudis
1646 2907 1971 2975 dicebant
2020 2906 2368 2997 psalmum
2418 2906 2766 2992 quinqua-

205 2994 848 3084 gesimumnonum,
904 2996 1109 3084 cujus
1156 2995 1437 3064 initium
1487 3008 1637 3064 est:
1684 3001 1857 3064 Deus
1906 2997 2225 3085 repulisti
2247 3018 2364 3063 nos
2394 3006 2456 3064 et
2497 2995 2762 3063 destru-

203 3085 384 3152 oeistz'
416 3106 555 3163 nOS,
602 3085 823 3152 iratus
849 3107 939 3162 ex,
980 3094 1041 3152 ει
1071 3085 1383 3151 misertus
1434 3085 1641 3152 nobis.
1707 3088 1838 3151 Nec
1888 3104 2104 3163 mora,
2144 3103 2434 3151 currens
2463 3104 2650 3149 unus
2680 3103 2761 3149 ex

203 3171 330 3251 eis,
362 3171 677 3240 accendit
702 3172 878 3243 duas
903 3170 1252 3250 candelas,
1287 3182 1352 3239 et
1375 3174 1668 3256 utraque
1695 3183 1934 3239 tenens
1971 3192 2208 3248 mann,
2245 3170 2556 3238 ascendit
2593 3168 2768 3236 emi-

206 3258 588 3327 nentiorem
656 3259 885 3327 locum
927 3313 941 3339 ‚
986 3258 1074 3326 ad
1136 3257 1638 3326 ostendendum
1691 3257 2043 3338 fratribus,
2097 3257 2218 3343 qui
2265 3257 2337 3325 in
2389 3256 2767 3325 Lindissar-

204 3345 407 3416 nensi
459 3347 875 3415 monasterio
925 3346 1321 3426 manebant,
1357 3346 1520 3431 quia
1555 3358 1792 3414 sancta
1840 3345 1958 3414 illa
1997 3347 2236 3414 anima
2274 3345 2419 3434 jam
2474 3344 2766 3434 migras-

204 3446 307 3504 set
354 3433 439 3501 ad
492 3435 887 3503 Dominum.
941 3434 1098 3502 Tale
1149 3456 1448 3520 namque
1498 3435 1675 3503 inter
1720 3455 1791 3502 se
1838 3434 2121 3523 signum
2154 3432 2574 3502 sanctissimi
2606 3432 2761 3518 ejus

208 3522 442 3592 obitus
472 3522 939 3591 condixerant.
995 3521 1183 3604 Quod
1239 3544 1400 3590 cum
1454 3522 1709 3590 videret
1753 3520 1982 3602 frater,
2026 3521 2147 3606 qui
2181 3521 2252 3588 in
2302 3518 2583 3608 specula
2616 3519 2771 3587 Lin-

206 3608 666 3680 disfarnensis
700 3609 972 3680 insulae
1003 3610 1205 3699 longe
1259 3609 1584 3699 decontra
1628 3619 1913 3677 eventus
1967 3607 2277 3697 ejusdem
2370 3607 2512 3675 ervi
2564 3606 2610 3673 il
2656 3629 2772 3675 ex-

208 3709 599 3788 pectaverat
661 3697 898 3766 horam
940 3752 955 3777 ,
1009 3697 1319 3766 cucurrit
1383 3697 1590 3766 citius
1661 3696 1745 3764 ad
1796 3695 2158 3765 ecclesiam
2201 3749 2216 3775 ,
2269 3716 2318 3762 u
2373 3695 2393 3762 i
2442 3716 2520 3763 co
2555 3694 2771 3764 lectus

205 3785 440 3856 omnis
502 3784 792 3854 fratrum
855 3797 1093 3854 coetus
1154 3796 1532 3854 nocturnae
1596 3783 2023 3873 psalmodiae
2072 3782 2412 3850 solemnia
2460 3782 2765 3850 celebra-

206 3874 349 3943 bat:
402 3874 826 3963 contigitque
874 3886 949 3942 ut
996 3873 1131 3963 ipsi
1178 3894 1454 3959 quoque
1504 3873 1803 3940 intrante
1837 3870 1956 3939 illo
2005 3869 2392 3959 praefatum
2443 3880 2769 3938 canerent

208 3960 585 4051 psalmum:
638 3961 823 4053 quod
875 3982 957 4032 su
1010 3982 1178 4029 erna
1226 3959 1745 4049 dispensatione
1793 3969 2238 4046 procuratum
2274 4012 2288 4037 ,
2336 3978 2568 4026 rerum
2628 3957 2767 4025 exi-

211 4062 323 4118 tus
369 4047 691 4118 ostendit.
768 4053 950 4138 Sepu
985 4061 1050 4117 to
1120 4048 1464 4134 siquidem
1516 4047 1662 4115 viro
1714 4046 1872 4125 Dei,
1928 4056 2117 4113 tanta
2162 4044 2522 4114 ecclesiam
2574 4043 2767 4113 illam

206 4136 605 4207 tentationis
652 4158 821 4206 aura
880 4136 1255 4214 concussit,
1313 4147 1392 4204 ut
1441 4135 1676 4224 plures
1722 4156 1759 4202 e
1808 4132 2138 4202 fratribus
2188 4133 2335 4203 loco
2385 4131 2609 4223 magis
2656 4154 2769 4200 ce-

210 4224 398 4307 dere,
452 4247 661 4312 quam
707 4224 962 4294 talibus
1010 4222 1263 4292 vellent
1308 4222 1635 4291 interesse
1687 4221 2039 4311 periculis,
2087 4226 2396 4290 Attamen
2448 4232 2602 4310 post
2643 4241 2768 4287 an-

207 4334 404 4392 num,
444 4312 761 4382 ordinato
809 4313 878 4381 in
929 4334 965 4380 e
1018 4312 1333 4400 iscopatu
1367 4309 1723 4389 Eadbert0,
1764 4331 2177 4400 magnarum
2219 4309 2552 4378 virtutum
2589 4307 2757 4386 viro,

207 4412 276 4470 et
323 4401 393 4469 in
438 4401 813 4491 Scripturis
888 4422 975 4470 no
1032 4399 1211 4469 iliter
1282 4398 1597 4480 erudito,
1650 4397 2087 4484 maximeque
2163 4397 2764 4485 eleemosynarum
