3327 4999
677 298 804 364 694
1119 315 1200 362 m:
1245 314 1306 363 n.
1355 312 1585 362 ¹acono
1631 311 1966 362 Amnum
2012 311 2158 360 om).
2210 308 2581 360 ruamur.
2650 290 2759 359 EX
2805 289 2979 358 OCT.
3044 291 3133 358 ss·

590 423 749 471 vero
796 413 1031 493 aperto
1080 406 1286 471 Marte
1332 399 1549 469 multa
1613 420 1772 469 cum
1836 421 1916 469 eo
1962 397 2338 469 certamina
2383 396 2647 467 habuit.
2699 401 2866 466 Nam
2918 395 3136 467 fusti-

594 493 729 563 bus
776 513 978 582 saepe
1027 500 1333 560 orantem
1383 488 1651 571 cecidit,
1703 498 1773 557 et
1801 488 1958 558 aliis
2008 486 2195 557 mille
2240 486 2504 557 vexavit
2548 485 2799 557 modis:
2853 507 3143 576 semper

597 592 824 651 tamen
875 578 1130 650 athleta
1175 578 1593 650 fortissimus
1647 578 1865 648 victor
1908 576 2142 647 evasit.
2211 575 2492 647 Mirifice
2585 587 2689 646 ost
2735 574 3136 646 discessum

596 671 1014 741 daemonum
1063 668 1336 738 coelesti
1403 666 1593 750 luce,
1645 689 1855 754 quam
1904 666 2207 736 diximus
2240 720 2256 748 ,
2310 687 2540 736 recrea
2589 676 2745 736 atur
2778 720 2793 747 ‚
2846 676 2911 735 et
2959 686 3134 734 voce

595 759 941 850 Angelica.
994 757 1377 827 Adhortans
1444 757 1629 826 enim
1693 756 1777 826 de
1838 755 2028 825 coelo
2082 755 2339 826 missus
2393 755 2691 846 Angelus
2723 809 2740 835 ,
2793 753 2892 848 sic
2959 775 3140 823 eum

598 848 1113 934 alloquebatur:
1157 871 1185 908 ι
1246 851 1444 916 Serve
1494 846 1654 928 Dei,
1724 857 1865 916 esto
1916 844 2139 915 fidelis
2187 866 2407 932 usque
2471 843 2556 913 ad
2618 854 2932 914 mortem.
2999 849 3142 912 Ex-

601 947 798 1030 pecta
844 936 1236 1007 Dominum:
1273 935 1558 1005 viriliter
1595 956 1744 1027 age,
1802 946 1869 1005 et
1908 933 2326 1005 confortetur
2369 955 2488 1004 cor
2540 945 2764 1003 tuum.
2812 933 3138 1024 Ingentia

603 1038 766 1099 sunt
794 1025 1006 1106 enim,
1057 1045 1234 1113 quae
1283 1025 1405 1095 tibi
1445 1046 1575 1126 pro
1614 1045 1826 1126 parvo
1874 1024 2106 1094 labore
2150 1034 2353 1111 atque
2397 1021 2772 1092 certamine
2820 1022 3144 1114 praemia

601 1125 1109 1208 proponuntur.
1172 1118 1274 1184 Ita
1321 1113 1563 1185 melior
1608 1136 1681 1183 ln
1728 1114 1877 1183 dies
1911 1125 1977 1183 et
2021 1112 2322 1184 sanctior
2367 1111 2594 1182 fiebat.
2651 1134 2687 1179 »

771 1209 905 1278 11.
960 1203 1076 1273 Die
1120 1201 1421 1291 quodam
1469 1214 1757 1275 conatus
1802 1214 1903 1273 est
1950 1202 2241 1272 daemon
2288 1201 2492 1272 illum
2538 1202 2627 1272 ab
2672 1199 2980 1271 oratione
3022 1223 3139 1271 re-

604 1303 705 1365 tra
757 1315 892 1364 ere.
929 1294 1180 1363 Orabat
1205 1304 1436 1365 autem
1482 1292 1568 1363 ad
1616 1314 1808 1362 aram
1840 1291 1984 1361 divi
2008 1283 2343 1362 V‘incentii
2377 1304 2528 1382 post
2560 1295 2722 1361 Com
2773 1289 3129 1360 letorium.

603 1383 798 1453 Venit
858 1382 1071 1473 igitur
1117 1382 1333 1452 hostis
1379 1382 1707 1471 antiquus
1766 1383 1838 1450 in
1895 1391 2076 1452 veste
2120 1380 2492 1461 conscissa,
2555 1392 2621 1449 et
2666 1402 2703 1450 a
2806 1378 3140 1471 pudenda

606 1492 828 1559 usque
874 1470 1215 1542 subducta
1248 1526 1263 1553 ,
1315 1471 1605 1541 unicum
1665 1470 1926 1541 habens
1975 1471 2044 1539 in
2092 1467 2313 1541 fronte
2360 1482 2437 1539 ut
2483 1468 2770 1560 Cyclops
2818 1467 3136 1538 oculum.

607 1561 735 1632 Ubi
764 1583 923 1632 vero
969 1560 1170 1630 illum
1209 1560 1449 1632 beatus
1493 1557 1793 1630 Jacobus
1839 1559 2124 1651 aspexit,
2176 1560 2374 1651 signo
2421 1580 2493 1628 se
2541 1558 2933 1628 salutiferae
2966 1562 3144 1627 Cru-

605 1650 707 1721 cis
771 1649 1096 1731 armavit,
1147 1660 1212 1719 et
1265 1649 1493 1720 statim
1559 1648 1851 1720 daemon
1917 1649 2215 1720 evanuit.
2279 1654 2482 1719 Nocte
2545 1659 2771 1717 autem
2828 1647 3139 1748 quadam

608 1750 761 1830 post
806 1739 1222 1810 celebratum
1274 1750 1692 1809 nocturnum
1741 1737 2072 1821 officium,
2108 1758 2268 1809 cum
2317 1736 2401 1807 ad
2454 1759 2643 1806 aram
2695 1737 2873 1806 beati
2929 1741 3142 1806 Anto-

608 1828 732 1910 nii,
784 1828 966 1916 quod
1017 1827 1338 1898 remotior
1383 1840 1526 1897 erat
1572 1838 1638 1898 et
1680 1828 2063 1910 obscurior,
2099 1826 2345 1897 orandi
2382 1829 2594 1896 causa
2622 1847 2695 1896 se
2734 1824 3132 1915 recepisset,

608 1918 1028 1988 daemonum
1087 1927 1351 1987 caterva
1420 1916 1647 2007 specie
1712 1916 2112 1988 laetantium
2162 1937 2320 1986 cum
2383 1914 2687 2006 tripudio
2735 1915 2992 2006 ingenti
3045 1914 3137 1983 ad

608 2029 768 2077 eum
809 2007 1012 2078 venit.
1068 2006 1349 2077 Miratus
1396 2006 1543 2097 ipse
1589 2018 1848 2076 tantam
1898 2006 1970 2075 in
2017 2007 2118 2077 eis
2165 2004 2520 2086 laetitiam,
2572 2003 2898 2074 audacter
2930 2002 3015 2073 ad
3065 2025 3146 2074 se

608 2107 880 2167 vocatos
928 2116 1050 2186 per
1095 2106 1603 2166 sacrosanctum
1651 2096 1812 2166 Jesu
1860 2096 2107 2166 Christi
2138 2116 2385 2165 nomen
2418 2093 2654 2184 jussit,
2697 2104 2775 2163 ut
2806 2092 2941 2164 sibi
2991 2104 3145 2162 tan-

613 2198 717 2257 tae
750 2185 1043 2255 laetitiae
1088 2206 1368 2254 causam
1421 2197 1830 2275 promerent:
1871 2185 2154 2277 putabat
2200 2184 2417 2265 enim,
2453 2182 2639 2271 quod
2677 2194 2844 2263 erat,
2880 2203 2997 2252 eos
3031 2182 3140 2251 vel

613 2286 919 2366 patrasse
964 2274 1212 2364 ingens
1258 2273 1536 2361 aliquod
1577 2274 1862 2356 malum,
1900 2273 2002 2344 vel
2036 2272 2220 2361 quod
2268 2295 2425 2342 mox
2473 2271 2889 2363 patrandum
2940 2270 3138 2353 foret,

614 2370 966 2454 tantopere
1012 2363 1271 2434 laetari:
1325 2385 1449 2433 nec
1501 2384 1661 2433 eum
1709 2361 1945 2433 fefellit
1990 2363 2245 2454 opinio.
2309 2362 2833 2452 Responderunt
2901 2360 3135 2451 igitur,

616 2476 688 2525 se
725 2452 983 2524 idcirco
1031 2453 1200 2524 adeo
1239 2453 1450 2524 laetos
1496 2473 1668 2535 esse,
1701 2451 1882 2540 quod
1961 2464 2183 2524 ostero
2229 2451 2340 2521 die
2371 2450 2628 2521 civium
2663 2449 3135 2533 seditione-in-

616 2566 785 2637 gens
815 2554 1074 2636 strages
1103 2543 1368 2614 edenda
1398 2553 1598 2613 esset.
1637 2542 1830 2626 Quod
1878 2566 1928 2612 u
1979 2542 2000 2611 i
2048 2543 2287 2613 beatus
2323 2541 2623 2612 Iacobus
2655 2539 2942 2632 accepit,
2975 2562 3137 2610 con-

616 2635 810 2704 tinuo
858 2633 942 2703 ad
994 2639 1204 2703 Deum
1255 2653 1647 2715 conversuS,
1703 2631 1941 2702 multis
1988 2653 2150 2702 cum
2213 2630 2538 2720 lacrymis
2598 2629 2854 2699 civium
2904 2651 3143 2720 pacem

617 2724 705 2794 ab
750 2743 830 2792 eo
877 2721 1264 2813 impetravit
1319 2731 1387 2790 et
1431 2721 1627 2793 urbis
1691 2720 2278 2809 tranquillitatem.
2345 2723 2648 2806 Cumque
2694 2718 2783 2788 ab
2841 2718 3143 2788 oratione

619 2812 1043 2892 surrexisset,
1100 2823 1164 2881 et
1210 2809 1608 2881 cubiculum
1661 2832 1868 2880 suum
1916 2821 2091 2879 esset
2136 2809 2528 2900 ingressuS,
2578 2807 2944 2894 quieturus
3013 2806 3139 2876 ali-

617 2901 1058 2989 quantulum,
1112 2901 1456 2991 ingentem
1506 2899 1602 2968 ibi
1639 2898 1924 2968 offendit
1970 2898 2473 2967 teterrimorum
2503 2918 2866 2967 corvorum
2899 2896 3136 2967 multi-

620 2990 952 3069 tudinem,
989 2989 1490 3069 crocitantium‚
1524 3000 1590 3058 et
1620 2987 1976 3077 unguibus
2021 3009 2101 3058 ac
2149 2987 2386 3058 rostris
2436 3007 2583 3057 sese
2629 2985 3133 3076 impetentium.

582 3135 597 3153 .
620 3079 744 3149 Ille
790 3098 944 3146 vero
993 3077 1189 3169 signo
1237 3099 1307 3148 se
1337 3077 1591 3148 Crucis
1618 3089 1891 3167 repente
1920 3075 2233 3156 munivit,
2259 3087 2325 3146 et
2353 3074 2544 3144 dixit:
2577 3097 2613 3142 «
2641 3079 2816 3146 Deus
2842 3075 2912 3143 in
2945 3075 3141 3164 adju-

621 3167 876 3238 torium
927 3187 1154 3236 meum
1202 3164 1515 3236 intende:
1560 3194 1582 3227 »
1618 3165 1874 3253 quibus
1924 3165 2147 3235 verbis
2196 3163 2629 3236 foedissimae
2675 3164 2871 3234 alites
2927 3163 3146 3235 conti-

621 3278 763 3327 nuo
808 3266 1257 3326 evanuerunt.
1307 3253 1434 3325 Sed
1481 3276 1617 3343 quo
1668 3255 1888 3346 magis
1934 3254 2130 3324 illum
2179 3255 2550 3325 daemones
2599 3252 3037 3333 infestabant,
3080 3265 3148 3324 et

622 3370 661 3417 o
715 3365 1026 3447 pugnare
1089 3345 1560 3425 conabantur,
1626 3355 1812 3415 tanto
1865 3344 2064 3415 illum
2132 3344 2216 3413 ad
2265 3343 2644 3415 certamina
2689 3342 3038 3414 fortiorem
3082 3354 3148 3413 et

623 3460 662 3507 a
695 3455 1025 3506 acriorem
1081 3439 1257 3506 Deus
1304 3433 1651 3504 reddebat.
1822 3480 1826 3485 -

715 3533 753 3608 ἓ
800 3530 949 3599 18.
1006 3529 1299 3616 Raptum
1361 3523 1561 3595 illum
1607 3521 1981 3611 aliquando
2027 3523 2097 3592 in
2147 3521 2413 3592 coelum
2455 3520 2650 3593 Pauli
2701 3538 2909 3601 more,
2953 3542 3150 3590 acce-

626 3616 881 3708 pimus.
934 3620 1100 3685 Nam
1149 3636 1309 3686 cum
1360 3634 1431 3685 se
1477 3612 1587 3683 die
1632 3612 1931 3701 quadam
1979 3611 2268 3682 orationi
2334 3610 2673 3682 dedisset.
2727 3610 2941 3683 sensit
2988 3631 3154 3680 con-

626 3706 823 3776 tinuo
871 3726 1018 3776 sese
1077 3703 1362 3786 auferri,
1415 3714 1479 3773 et
1548 3715 1875 3791 tanquam
1922 3702 2212 3772 cadaver
2256 3722 2510 3791 corpus
2559 3722 2766 3772 suum
2823 3698 3148 3785 relinqui.

630 3793 896 3865 Putavit
940 3806 1166 3864 autem
1218 3816 1365 3864 sese
1414 3793 1481 3862 in
1533 3792 1905 3881 quemdam
1954 3789 2521 3861 amoenissimum
2558 3790 2784 3860 locum
2818 3809 2969 3859 esse
2997 3809 3154 3889 per-

631 3885 943 3963 ductum,
998 3882 1121 3953 ubi
1167 3905 1246 3953 ex
1295 3884 1638 3952 variorum
1689 3882 1936 3952 florum
1987 3891 2268 3972 aspectu
2313 3891 2378 3949 et
2424 3878 2631 3949 odore
2677 3876 3152 3948 incredibilem

638 3973 1055 4062 voluptatem
1104 3982 1398 4062 caperet.
1452 3970 1555 4040 Ibi
1587 3992 1662 4041 se
1710 3970 2039 4040 mirificos
2069 3969 2344 4040 audisse
2375 3980 2776 4047 concentus,
2809 3978 2876 4037 et
2925 3964 3160 4036 omnia

631 4083 808 4150 quae
855 4059 940 4129 ad
990 4060 1397 4152 explendam
1447 4060 1863 4151 voluptatem
1915 4060 2330 4150 pertinerent
2370 4058 2718 4128 uberrime
2746 4056 2982 4127 fuisse.
3043 4061 3155 4125 In-

632 4171 911 4241 gressus
955 4160 1058 4219 est
1093 4171 1173 4219 eo
1219 4149 1388 4220 forte
1429 4161 1775 4219 momento
1824 4149 2174 4239 temporis,
2209 4147 2400 4218 illius
2445 4146 2846 4217 cubiculum
2897 4166 2978 4215 ex
3003 4166 3155 4214 coe—

637 4238 889 4309 nobitis
934 4237 1244 4327 quidam,
1296 4238 1419 4327 qui
1465 4239 1587 4310 ubi
1623 4240 1968 4329 jacentem
2017 4260 2096 4308 ac
2143 4236 2351 4307 veluti
2402 4247 2753 4308 mortuum
2800 4233 2993 4314 vidit,
3048 4256 3155 4303 ex-

636 4327 961 4399 clamavit
1003 4328 1353 4412 continuO,
1390 4339 1455 4399 et
1500 4350 1641 4398 rem
1695 4326 2033 4398 Praefecto
2081 4325 2476 4397 monasterii
2524 4323 2834 4416 trepidus
2881 4323 3153 4394 nuntia-

641 4417 1107 4509 vit.‚Accurrit
1152 4416 1269 4488 ille
1315 4440 1477 4489 cum
1525 4428 1794 4489 caterva
1840 4417 2158 4488 fratrum:
2209 4414 2329 4504 qui
2375 4436 2534 4486 eum
2581 4413 2837 4496 statim,
2890 4422 2967 4483 ut
3012 4434 3155 4485 mos
