3327 4999
667 342 793 408 352
1252 360 1329 406 DE
1378 361 1435 406 s.
1486 359 1781 407 nnnAnno
1829 358 1989 406 REGE
2035 359 2112 407 m·
2158 357 2448 406 mim-uus
2741 340 2989 405 MART.
3051 341 3139 405 ⁴8

581 441 929 512 teterrima
963 438 1404 510 simulatione
1451 461 1679 530 regem
1730 438 2081 508 osculatus
2127 449 2323 519 esset,
2363 437 2949 525 quemadmodum
2996 444 3129 506 Ju-

589 531 715 599 das
756 530 1128 610 Christum,
1190 548 1347 618 rege
1401 529 1698 599 summis
1745 528 1957 597 labris
2005 539 2241 619 potum
2296 527 2726 617 degustante,
2786 527 2856 594 in
2924 526 3132 595 illum

579 618 1111 689 cruentissimus
1160 615 1331 686 latro
1380 615 1645 698 insiliit,
1685 616 2099 703 cultelloque
2126 617 2276 701 ejus
2309 616 2568 686 viscera
2601 616 2960 685 transfixit.
2995 614 3126 685 Ille

579 719 719 777 tarn
772 706 987 775 atroci
1034 718 1314 796 accepto
1362 705 1682 786 vulnere,
1747 705 2111 798 paululum
2164 705 2323 773 inde
2371 704 2666 784 deflexit,
2720 717 2785 773 et
2835 727 2992 773 mox
3037 726 3124 774 ex

579 818 783 884 equo,
837 817 976 882 quo
1031 794 1329 874 sedebat,
1391 794 1728 864 exanimis
1775 794 2057 864 corruit.
2111 794 2362 864 Incidit
2409 804 2544 863 tam
2598 793 2974 863 barbarum
3025 794 3132 862 fa-

579 886 783 954 cinus
829 884 901 951 in
951 905 1212 952 annum
1265 883 1511 953 Christi
1559 905 2005 966 nccchxxvln,
2068 894 2133 952 et
2178 883 2363 970 quod
2404 882 2595 952 dictu
2623 904 2897 970 quoque
2936 880 3132 951 nefas

578 986 702 1053 est,
756 973 825 1041 in
878 994 1153 1041 sacrum
1204 972 1784 1062 Quadragesimae
1829 986 2127 1063 tempuS,
2165 993 2413 1062 nempe
2459 971 2640 1040 diem
2683 994 2763 1039 xv
2792 970 3132 1040 Calendas

580 1061 855 1163 Aprilis.
918 1065 1051 1130 Nos
1097 1060 1377 1148 quidem
1428 1064 1537 1151 pie
1584 1061 1934 1131 credimus
1981 1060 2254 1129 divinae
2306 1059 2770 1151 providentiae
2819 1059 3128 1128 mirabili

579 1150 1090 1240 d1spensatione
1138 1149 1207 1217 id
1260 1150 1351 1219 ita
1400 1150 1736 1242 accidisse
1796 1150 1884 1218 ad
1951 1150 2280 1240 majorem
2340 1148 2581 1217 militis
2641 1148 2749 1220 sui
2799 1148 3118 1238 gloriam,

581 1252 660 1309 ut
706 1238 826 1326 qui
874 1260 1109 1307 annuo
1167 1238 1745 1329 Quadragesimae
1782 1238 2051 1326 jejunio
2099 1260 2374 1307 carnem
2426 1258 2625 1307 suam
2676 1237 3120 1317 macerandO,

588 1328 860 1415 aliaque
908 1326 1178 1417 pietatis
1225 1349 1431 1419 opera
1477 1261 1875 1408 exercendo,
1930 1349 2052 1416 pro
2101 1325 2419 1397 laudibili
2466 1348 2652 1395 more
2698 1337 2763 1394 et
2813 1325 3130 1396 instituto

587 1416 1128 1486 Christianorum
1180 1416 1265 1484 ad
1317 1417 1858 1486 sacratissimum
1922 1416 2314 1484 Dominicae
2373 1415 2894 1486 resurrectionis
2942 1414 3132 1484 diem

586 1527 733 1576 sese
784 1505 1266 1596 praeparabat,
1340 1507 1516 1574 bono
1579 1505 1717 1574 sine
1775 1518 2321 1583 consummatuS‚
2372 1526 2533 1574 cum
2582 1504 2920 1573 bonorum
2971 1526 3135 1592 ope·

588 1616 747 1666 rum
782 1592 1011 1663 fructu
1057 1594 1128 1662 in
1179 1593 1465 1665 coeleste
1514 1593 1685 1663 illud
1738 1592 2070 1683 palatium
2097 1615 2135 1661 a
2168 1593 2428 1663 Christo
2479 1593 2968 1683 susciperetur.
3003 1590 3136 1661 Ubi

588 1705 751 1752 vero
797 1682 1112 1773 cognovit
1158 1682 1395 1773 regina
1442 1682 1638 1752 illum
1673 1682 1758 1750 de
1781 1704 1957 1769 equo
1995 1682 2323 1751 cecidisse
2351 1693 2724 1762 mortuum,
2753 1681 2954 1769 jubet
2979 1702 3135 1751 cor-

594 1793 731 1863 pus
777 1772 1087 1841 exanime
1136 1771 1378 1861 projici
1426 1770 1494 1839 in
1547 1770 1849 1840 vicinum
1901 1769 2357 1851 domicilium,
2425 1792 2510 1840 ne
2571 1782 2832 1840 tantum
2899 1769 3133 1840 scelus

587 1862 1065 1930 innotesceret.
1118 1862 1603 1951 Obtemperant
1648 1859 1962 1929 crudeles
1993 1859 2287 1929 ministri
2318 1859 2683 1928 sceleratae
2730 1858 3035 1938 mulieri,
3067 1871 3134 1928 et

588 1972 864 2021 sacrum
916 1971 1170 2039 corpus
1217 1971 1338 2040 per
1386 1949 1592 2040 pedes
1628 1949 2072 2039 contemptim
2121 1960 2495 2038 arreptum,
2531 1970 2632 2030 ec,
2669 1947 2791 2017 ubi
2840 1947 2962 2016 illa
2978 1948 3136 2037 jus-

589 2051 791 2119 serat,
845 2038 1203 2127 abjiciunt,
1255 2050 1321 2107 et
1370 2037 1484 2107 vili
1533 2038 1862 2107 stramine
1895 2048 2154 2128 tegunt.

675 2130 711 2214 ἓ
771 2130 857 2198 4.
912 2132 987 2195 ln
1041 2127 1158 2195 illa
1207 2139 1435 2196 autem
1471 2125 1896 2197 domuncula
1929 2127 2177 2196 mulier
2221 2136 2366 2195 erat
2407 2148 2446 2194 a
2527 2126 2703 2194 rimo
2741 2135 2896 2193 ortu
2925 2145 3133 2194 caeca

589 2209 797 2303 q‘uam
849 2216 1089 2306 regina
1135 2215 1381 2285 alebat.
1444 2220 1534 2284 Ea
1595 2238 1756 2285 cum
1821 2214 2130 2305 proxima
2178 2227 2374 2284 nocte
2422 2147 2563 2283 illic
2611 2213 2796 2304 apud
2848 2234 3130 2283 sacrum

586 2326 841 2394 corpus
893 2304 1035 2375 sola
1087 2317 1530 2395 pernoctaret,
1575 2304 1728 2394 ipsa
1774 2303 2183 2393 intempesta
2231 2315 2425 2372 nocte
2467 2303 2806 2372 immensa
2855 2300 2974 2370 lux
3006 2301 3132 2369 do·

592 2393 931 2463 micilium
981 2393 1155 2462 illud
1215 2393 1602 2484 complevit,
1637 2405 1702 2461 et
1754 2415 1955 2461 caeca
2003 2391 2122 2461 illa
2161 2392 2409 2461 mulier
2459 2391 2825 2460 Dominum
2876 2391 3128 2480 depre-

588 2505 779 2564 canS,
843 2482 1104 2552 meritis
1161 2484 1379 2554 sancti
1427 2482 1608 2573 regis
1655 2481 1891 2551 lumen
1948 2481 2073 2551 diu
2128 2481 2589 2550 desideratum
2659 2480 2997 2550 obtinuit:
3054 2479 3130 2547 in

587 2571 788 2662 cujus
836 2572 932 2640 rei
984 2573 1383 2641 memoriam
1434 2572 1671 2640 eodem
1712 2571 1783 2639 in
1833 2570 1980 2639 loco
2009 2582 2240 2660 postea
2272 2593 2313 2640 a
2360 2569 2763 2640 Christianis
2789 2569 3132 2659 templum

588 2660 1026 2730 aedificatum
1076 2672 1198 2729 est.
1244 2660 1690 2731 Illucescente
1737 2672 1963 2729 autem
2015 2659 2147 2739 die,
2201 2682 2360 2728 cum
2398 2681 2542 2727 rem
2592 2670 2855 2748 gestam
2882 2680 2961 2726 ex
2995 2657 3138 2726 foe-

587 2750 780 2818 mina
826 2749 1181 2818 didicisset
1226 2748 1526 2819 crudelis
1573 2747 1834 2838 regina,
1890 2747 2187 2817 multum
2220 2747 2420 2817 anxia
2457 2748 2695 2817 timere
2727 2748 2952 2837 coepit
2976 2767 3138 2815 cae·-

587 2837 770 2919 dem,
824 2838 1024 2926 cujus
1073 2837 1222 2928 ipsa
1268 2850 1506 2906 auctor
1554 2835 1798 2918 suerat,
1853 2858 1975 2927 pro
2027 2836 2284 2905 alatum
2337 2837 2445 2906 iri.
2488 2842 2631 2905 Mox
2671 2836 2884 2926 igitur
2932 2856 3138 2925 prae-

588 2927 649 2996 ci
707 2926 758 2995 it
813 2924 958 2995 toli
1008 2948 1283 2995 sacrum
1331 2947 1606 3016 corpus,
1667 2938 1733 2995 et
1777 2926 1850 2993 in
1901 2948 1987 3016 pa
2019 2925 2188 2995 udes
2237 2926 2557 3016 deprimi,
2627 2946 2713 2993 ne
2765 2936 2995 3014 posset
3042 2923 3136 2993 ab

588 2948 737 3085 uffo
782 3036 1092 3101 unquam
1152 3015 1472 3105 reperiri:
1529 3036 1651 3083 nec
1699 3015 1829 3084 hoc
1875 3026 2215 3095 contenta,
2274 3013 2500 3105 palam
2549 3013 2777 3092 edicit,
2838 3034 2925 3081 ne
2972 3012 3138 3099 quis

589 3125 821 3193 regem
869 3103 1244 3173 extinctum
1280 3102 1515 3194 ploret,
1552 3124 1678 3172 nec
1709 3103 1795 3172 de
1832 3101 1951 3178 illo
1984 3104 2266 3171 omnino
2300 3103 2642 3190 loquatur.
2683 3101 2941 3171 Deinde
2971 3123 3136 3192 pro-

588 3191 924 3261 ficiscitur
987 3191 1073 3260 ad
1134 3192 1505 3279 quemdam
1573 3191 2080 3262 suae-ditionis
2140 3191 2371 3261 locum
2430 3191 2552 3278 qui
2605 3192 2842 3261 decem
2892 3191 3136 3261 aberat

588 3280 958 3361 milliariis,
1012 3301 1097 3349 ne
1145 3293 1371 3371 posset
1416 3281 1489 3350 in
1550 3281 1776 3371 ipsam
1826 3293 2129 3371 patratae
2175 3280 2363 3351 necis
2409 3281 2555 3351 ulla
2601 3280 2845 3351 cadere
2895 3279 3133 3371 suspi-

589 3369 720 3438 cio.
785 3369 1186 3438 Ethelredus
1250 3382 1480 3439 autem
1538 3369 1707 3439 adeo
1768 3370 2114 3439 moerebat
2172 3370 2260 3439 ob
2320 3369 2670 3439 crudelem
2730 3369 2963 3439 fratris
3017 3367 3132 3439 sui

589 3457 894 3538 caedem,
942 3472 1018 3528 ut
1067 3479 1285 3545 neque
1334 3459 1676 3547 lacrymas
1724 3458 2065 3540 cohibere,
2125 3479 2345 3546 neque
2410 3457 2628 3528 ullam
2691 3470 2920 3549 posset
2966 3478 3134 3526 con-

591 3545 1004 3626 solationem,
1043 3546 1421 3617 admittere.
1467 3547 1542 3615 Id
1593 3546 1874 3618 moleste
1920 3546 2145 3616 ferens
2179 3562 2367 3617 atrox
2415 3548 2677 3638 regina,
2717 3546 2949 3616 furore
2976 3567 3134 3616 cor-

589 3649 804 3728 repta,
841 3658 999 3705 cum
1050 3657 1186 3705 non
1239 3637 1518 3707 haberet
1564 3636 1649 3705 ad
1704 3658 1954 3706 manus
2006 3635 2162 3717 alia,
2215 3636 2523 3707 candelis
2573 3635 2841 3705 tamdiu
2890 3635 3134 3704 verbe-

588 3725 763 3793 ravit
811 3725 1032 3807 illum,
1095 3724 1312 3795 donec
1358 3725 1509 3815 ejus
1557 3725 1905 3796 ululatum
1960 3736 2442 3815 compesceret.
2495 3731 2652 3794 Jam
2701 3746 2933 3794 annus
2993 3723 3138 3793 fere

587 3812 868 3904 elapsus
915 3825 1080 3896 erat,
1114 3826 1180 3884 et
1209 3813 1440 3885 volens
1488 3826 1895 3905 praepotens
1944 3818 2122 3883 Deus
2170 3827 2541 3903 martyrem
2600 3834 2808 3883 suum
2861 3812 3134 3882 mundo

586 3901 1035 3985 innotescere,
1070 3915 1135 3973 et
1180 3903 1422 3991 quanti
1460 3903 1643 3993 apud
1678 3904 1698 3971 i
1754 3923 1908 3973 sum
1943 3902 2168 3972 meriti
2201 3915 2399 3980 esset,
2445 3902 2817 3984 declarare,
2876 3923 3133 3993 corpus

584 3991 733 4080 ejus
780 3991 1169 4061 venerabile
1214 3993 1634 4080 quibusdam
1710 3991 2032 4072 metibus,
2072 3991 2307 4061 devote
2354 3991 2528 4061 illud
2577 3992 3152 4079 inquirentibuS,.

586 4079 884 4150 revelare
931 4081 1256 4172 dignatus
1303 4094 1425 4153 est.
1463 4087 1656 4152 'Nam
1706 4103 1784 4150 eo
1837 4080 1908 4149 in
1965 4080 2134 4162 loco,
2188 4080 2311 4150 ubi
2359 4081 2431 4149 in
2474 4081 2801 4171 paludem
2850 4079 3134 4172 depres-

588 4189 746 4238 sum
793 4182 958 4251 erat,
1002 4170 1326 4240 columna
1371 4171 1573 4260 ignea
1618 4169 1907 4240 coelitus
1954 4170 2254 4239 demissa
2303 4170 2647 4261 apparuit,
2700 4182 2768 4239 et
2822 4170 2971 4240 suis
3027 4189 3140 4238 ra-

587 4256 724 4326 diis
753 4259 988 4328 omnia
1033 4259 1576 4346 circumquaque
1622 4258 2014 4328 illustravit.
2048 4259 2377 4327 Viderunt
2427 4259 2495 4328 id
2546 4259 2638 4349 pii
2676 4257 2965 4346 quidam
2997 4256 3129 4326 viri

587 4346 661 4415 in
710 4347 935 4416 vicina
985 4347 1142 4416 villa
1186 4347 1378 4438 (nam
1429 4368 1632 4437 saepe
1681 4347 1797 4417 lux
1845 4347 1975 4416 illa,
2012 4347 2279 4436 extitit),
2331 4359 2397 4416 et
2442 4349 2512 4416 in
2563 4370 2783 4417 unum
2834 4346 3136 4427 collecti,

590 4435 1382 4508 transtuleruntsacrum
1410 4457 1663 4527 corpus
1697 4436 1766 4505 in
1798 4436 2036 4506 villam
2060 4459 2285 4507 suam.
2331 4437 2432 4507 Fit
2454 4459 2748 4528 magnus
2766 4435 3141 4507 hominum

798 4600 825 4631 d
