3327 4999
113 307 323 375 MART.
373 259 450 372 ἡ
944 327 1024 373 ns
1072 327 1126 375 s.
1180 295 1493 375 caesonio
1538 325 1701 373 ram
2383 307 2509 374 ⁴63

107 412 231 500 ejus
275 409 566 481 adhiberi
614 409 842 491 debet,
904 422 985 481 ut
1029 410 1390 482 communi
1435 409 1728 480 consilio
1778 409 1914 500 ipsi
1969 410 2251 502 eligant,
2288 435 2588 500 quorum

106 520 388 590 personae
429 499 513 569 ad
550 521 629 569 ea
658 521 839 587 quae
883 499 1360 590 praediximus
1406 496 1679 568 valeant
1723 497 2058 569 ordinari.
2552 543 2559 551 -

175 590 207 674 ξ
260 593 400 660 878.
450 593 618 659 Item
666 588 1182 668 Ravennatibus
1239 587 1511 658 clericis
1545 643 1560 670 ,
1626 587 1715 658 ad
1778 588 2353 660 monasteriorum
2406 590 2587 683 regi-

103 677 267 745 mina
304 677 675 767 importune
722 677 1186 758 tendentibuS,
1241 676 1512 756 restitit,
1548 678 1800 746 Joanni
1849 679 2227 749 Ravennati
2257 679 2581 770 episcopo

102 765 397 836 scribens:
468 789 506 833 «
552 767 863 836 Pervenit
918 766 1005 836 ad
1066 788 1175 836 me
1219 765 1407 854 quod
1454 766 1528 834 in
1577 764 1889 836 ecclesiis
1937 765 2382 840 fraternitatis
2431 782 2588 839 tuae

103 853 301 940 aliqua
325 854 477 935 loca,
521 855 790 925 dudum
841 855 1280 926 monasteriis
1325 866 1748 937 consecrata,
1790 878 1975 926 nunc
2024 856 2421 928 habitacula
2450 859 2590 928 cle-

105 941 352 1012 ricorum
394 956 512 1014 aut
559 944 764 1013 etiam
799 943 1136 1015 laicorum
1186 942 1364 1015 facta
1421 945 1582 1015 sint.
1651 948 1967 1031 Dumque
2014 945 2089 1014 hi
2136 947 2257 1034 qui
2307 959 2471 1018 sunt
2515 946 2589 1017 in

106 1030 373 1114 ecclesiis»,
421 1033 701 1123 fingunt
740 1054 812 1105 se
859 1032 1178 1125 religiose
1225 1034 1472 1115 vivere,
1527 1034 1967 1105 monasteriis
1998 1035 2332 1127 praeponi
2380 1058 2591 1126 appe·

108 1130 241 1198 tunt,
282 1131 339 1191 et
383 1143 498 1213 per
545 1143 785 1192 eorum
819 1122 1031 1193 vitam
1080 1122 1497 1192 monasteria
1552 1121 2030 1193 destruuntur.
2070 1129 2279 1194 Nemo
2326 1125 2583 1195 etenim

107 1220 276 1294 potest
313 1223 371 1278 et
413 1210 901 1281 ecclesiasticis
947 1211 1300 1298 obsequiis
1351 1210 1719 1292 deservire,
1775 1225 1839 1281 et
1901 1212 1971 1281 in
2022 1213 2432 1284 monachica
2478 1236 2589 1284 re·

99 1295 228 1384 gula
262 1299 560 1369 ordinate
609 1299 993 1391 persistere,
1047 1313 1124 1370 ut
1170 1300 1319 1391 ipse
1365 1299 1867 1371 districtionem
1918 1303 2320 1373 monasterii
2364 1315 2588 1373 teneat

98 1386 191 1481 qui
227 1388 504 1472 quotidie
557 1388 629 1457 in
673 1389 1055 1460 ministerio
1111 1388 1575 1459 ecclesiastico
1624 1389 1896 1479 cogitur
1943 1412 2371 1480 permanere.
2426 1397 2591 1461 Pro-

98 1473 220 1544 inde
255 1475 635 1548 fraternitas
685 1489 799 1547 tua
847 1479 976 1548 hoc
1024 1477 1381 1564 quodlibet
1426 1476 1498 1548 in
1545 1476 1693 1547 loco
1741 1476 2003 1548 factum
2051 1491 2176 1561 est,
2214 1480 2586 1550 emendare

95 1561 328 1634 festinet.
377 1568 554 1649 Quia
588 1588 713 1657 ego
760 1567 953 1636 nullo
1005 1565 1206 1636 modo
1252 1566 1498 1657 patior,
1554 1579 1632 1636 ut
1680 1566 1830 1637 loca
1877 1589 2076 1639 sacra
2136 1591 2259 1659 per
2288 1567 2577 1639 clerico-

89 1671 208 1720 rum
230 1655 558 1725 ambitum
598 1655 1112 1725 destruantur.»
1135 1660 1302 1725 Item
1335 1655 1748 1725 Maximiano
1777 1656 2103 1758 episcopo
2136 1662 2573 1747 Syracusano

91 1754 205 1826 post
228 1743 474 1831 aliqua:
505 1744 1012 1833 «Presbyteros,
1048 1742 1398 1824 diaconOS,
1440 1757 1880 1832 caeterosque
1910 1745 2283 1836 cujuslibet
2315 1746 2583 1818 ordinis

94 1826 319 1901 clericos
368 1833 492 1919 qui
560 1832 869 1904 ecclesiis
913 1854 1193 1921 quoquo
1259 1833 1464 1902 modo
1533 1833 1869 1916 militant,
1923 1836 2216 1906 Abbates
2265 1835 2415 1905 fieri
2466 1858 2586 1926 per

93 1923 443 1991 monasteria
493 1944 636 1991 non
687 1922 1084 2012 permittas:
1129 1921 1245 1992 sed
1289 1933 1407 1992 aut
1453 1921 1713 1992 omissa
1744 1922 2110 1994 clericatus
2138 1924 2407 2006 militia,
2442 1947 2585 1996 mo-

89 2006 337 2078 nachicis
385 2011 855 2100 provehantur
909 2010 1316 2080 ordinibus:
1368 2022 1489 2081 aut
1535 2010 1596 2080 si
1652 2011 1725 2080 in
1774 2011 2052 2083 Abbatis
2109 2013 2259 2083 loco
2309 2035 2583 2104 perma-

89 2113 210 2190 nere
248 2097 688 2180 decreverint,
742 2098 1105 2172 clericatus
1154 2099 1552 2170 nullatenus
1585 2101 2072 2190 permittantur
2104 2101 2358 2172 habere
2400 2102 2586 2173 mili-

95 2193 235 2252 tiam.
279 2189 447 2257 Satis
494 2189 690 2258 enim
738 2189 1204 2278 incongruum
1251 2198 1374 2269 est,
1421 2188 1479 2257 si
1528 2209 1689 2257 cum
1740 2211 1963 2259 unum
2016 2212 2096 2260 ex
2154 2190 2264 2262 his
2299 2212 2420 2282 pro
2465 2191 2579 2262 sui

96 2275 504 2367 magnitudine
556 2277 922 2367 diligenter
952 2277 1112 2364 quis
1158 2296 1296 2345 non
1333 2275 1551 2366 possit
1579 2276 1874 2366 explere,
1917 2277 2002 2347 ad
2054 2290 2433 2366 utrumque
2459 2280 2579 2368 ju-

95 2356 294 2433 «licetur
335 2367 655 2436 idoneus
722 2366 966 2453 Sicque
997 2365 1318 2445 invicem,
1356 2378 1422 2435 et
1452 2363 1960 2436 ecclesiasticus
1999 2367 2167 2437 ordo
2222 2367 2394 2438 vitae
2426 2391 2578 2438 mo-

97 2449 403 2604 ‘'agfficaek
456 2469 525 2526 et
594 2455 1075 2527 ecclesiasticis
1135 2454 1552 2527 utilitatibus
1620 2454 1861 2546 regula
1927 2454 2384 2527 monachatus
2448 2459 2582 2526 im-

93 2556 153 2620 pe
195 2556 343 2614 natur
412 2569 496 2615 .»

155 2628 185 2711 ξ
228 2635 366 2705 88.
420 2632 737 2717 Qualiter
782 2655 949 2703 sane
1014 2633 1381 2723 Gregorius
1449 2656 1571 2724 per
1628 2645 2105 2723 procuratores
2162 2634 2579 2705 ecclesiasti-

95 2732 267 2812 ‘tofum
297 2722 895 2811 patrimoniorum,
959 2722 1142 2792 velut
1170 2726 1386 2812 Argus
1438 2721 1726 2810 quidam
1775 2721 2395 2805 luminosissimuS,
2449 2745 2574 2814 per

97 2810 243 2875 tonus
283 2811 524 2879 mundi
575 2811 1012 2880 latitudinem
1060 2833 1226 2881 suae
1307 2810 1623 2880 astoralis
1661 2809 2127 2881 solicitudinis
2167 2813 2406 2884 oculos
2436 2812 2573 2882 cir-

89 2898 436 2984 rumtulerit,
473 2922 616 2969 non
668 2901 755 2970 ab
789 2922 862 2970 re
907 2899 1192 2969 forsitan
1291 2900 1555 2969 uxerim
1588 2900 2223 2993 perstringendum.
2256 2902 2361 2971 Ait
2385 2901 2575 2972 enim

89 2997 140 3042 ln
175 2985 427 3073 epistola
461 2989 825 3060 Anthemio
874 2987 1341 3059 subdiacono:
1395 2988 1828 3058 «Discedenti
1876 2990 2366 3061 mandavimus
2418 2990 2565 3072 tibi,

86 3077 132 3131 ‘³2
184 3076 602 3161 postmodum
674 3077 1056 3168 praeceptis
1143 3077 1696 3147 discurrentibus
1770 3078 2156 3167 injunxisse
2231 3078 2566 3161 memini,

87 3168 136 3222 ut
167 3182 377 3257 puram
435 3189 826 3257 pauperum
873 3188 1166 3257 gereres.
1205 3178 1271 3235 et
1316 3166 1374 3235 si
1421 3189 1597 3253 quos
1645 3166 1788 3235 illic
1837 3188 2037 3257 egere
2090 3189 2564 3258 cognoscereS,

83 3253 296 3349 scriptis
340 3256 860 3326 recurrentibus
910 3255 1273 3335 indicare&
1327 3266 1393 3325 et
1437 3255 1548 3331 vix
1594 3254 1680 3324 de
1730 3256 1972 3347 paucis
2003 3257 2170 3326 haec
2198 3256 2418 3327 facere
2444 3278 2569 3326 cu-

87 3351 222 3406 rasti.
267 3344 421 3413 Volo
469 3356 727 3425 autem,
790 3357 868 3415 ut
925 3344 1220 3414 domnae
1253 3342 1715 3415 patriarchiae
1757 3366 1947 3414 meae
1994 3367 2180 3427 mort,
2238 3358 2315 3417 ut
2363 3367 2561 3436 prae-

79 3439 282 3523 sentem
316 3433 711 3522 jussionem
771 3433 1182 3524 susceperis,
1240 3433 1486 3503 offeras
1534 3432 1620 3502 ad
1671 3433 2135 3505 calceamenta
2184 3456 2562 3525 puerorum

77 3511 278 3590 solidos
338 3522 799 3613 quadraginta
834 3579 848 3604 ,
919 3535 983 3591 et
1054 3521 1261 3592 tritici
1333 3521 1596 3591 modios
1662 3522 2207 3624 quadringentos
2275 3534 2378 3593 etc
2389 3577 2555 3593 ......

82 3600 372 3687 Summam
422 3633 582 3681 vero
632 3611 982 3700 pensionis
1044 3610 1175 3680 sub
1224 3610 1655 3681 festinatione
1704 3623 2112 3693 transmitte,
2166 3624 2231 3681 et
2278 3612 2364 3681 ad
2434 3617 2564 3682 Pa-

80 3690 321 3768 schalem
368 3699 582 3781 diem,
623 3700 906 3770 Domino
953 3700 1353 3780 auxiliante,
1389 3699 1805 3769 occurritO.»
1839 3705 2007 3771 Item
2033 3700 2299 3770 eidem:
2339 3699 2564 3771 «Insi-

83 3794 308 3883 nnatum
363 3789 568 3859 nobis
623 3800 756 3870 est,
803 3788 1093 3860 ancillas
1160 3789 1276 3859 Dei
1341 3788 1681 3876 quasdam
1746 3788 2045 3859 Nolanae
2106 3789 2434 3871 civitatiS,
2491 3789 2564 3858 in

85 3864 396 3960 &baudana
443 3878 656 3946 domo
703 3890 1239 3958 commanenteS‚
1279 3876 1564 3947 nimiam
1614 3877 1834 3947 victus
1886 3878 2303 3966 vestitusque
2342 3900 2566 3970 penu-

95 3968 214 4027 ffflm
238 3966 592 4037 sustinere.
637 3967 903 4049 Quibus
948 3988 1030 4036 ex
1079 3979 1440 4057 praecepto
1491 3966 1605 4036 Dei
1653 3967 2022 4036 subvenire
2056 3989 2179 4036 nos
2210 3967 2552 4049 convenit,

137 4120 148 4133 '
172 4120 254 4165 me
268 4128 423 4171 eidem
445 4133 506 4171 de
525 4142 582 4171 re
599 4131 746 4181 Epist.
765 4133 830 4176 40,
861 4132 915 4172 L.
952 4133 991 4178 6,
1026 4132 1084 4171 ad
1122 4132 1383 4171 Ravennnt.
1423 4130 1576 4179 Episc.
1609 4130 1850 4180 Epistola
1887 4130 2152 4171 indicamus
2172 4132 2313 4181 juxt·
2344 4134 2583 4181 regestum

97 4164 444 4226 loanni-mmoffl:
475 4186 684 4225 lectores
704 4187 861 4224 autem
882 4186 1072 4225 nostros
1092 4194 1186 4224 non
1205 4185 1328 4224 latet
1345 4185 1478 4223 vorle
1497 4184 1748 4223 admodum
1768 4185 1819 4223 et
1842 4185 2035 4225 confuse
2054 4185 2104 4224 ln
2122 4186 2349 4234 Epistoue
2369 4186 2585 4235 Gregorii

100 4218 226 4273 ΡἙ-Ιῐθῐ
243 4233 393 4279 Libros
424 4239 754 4288 disponendis.
780 4248 833 4278 ac
856 4240 995 4286 juxta
1021 4238 1311 4278 Indlctlones
1342 4237 1648 4277 numerandis
1680 4237 1921 4278 Editiones
1950 4238 2234 4287 discrepare.
2282 4240 2410 4287 Quae
2440 4249 2583 4287 porro

99 4277 210 4317 '‘¹²4¹'’
221 4291 371 4332 produt
390 4293 436 4331 et
451 4293 617 4333 labore
639 4292 952 4331 nazarenorum
970 4293 1072 4337 PP..
1090 4292 1292 4331 eruditis
1311 4293 1539 4331 exornata
1565 4292 1709 4337 notis.
1740 4291 1964 4332 Ordinem
1992 4291 2376 4343 chronologicum
2404 4292 2585 4341 Episto-

103 4324 417 4388 [Μωκιιίωὶῑ.
435 4346 647 4386 Iudicem
668 4344 849 4386 adunit
869 4345 1258 4395 Geograpmcum.
1277 4346 1498 4394 quodque
1523 4346 1599 4387 est
1619 4345 1911 4395 reperiendis
1930 4346 2155 4395 Epistolts
2183 4346 2586 4395 percommodum,

98 4381 448 4501 {fflhggsasgt
474 4401 728 4451 vmgatum
757 4408 863 4440 cum
891 4400 1116 4441 restituto
1155 4399 1412 4445 collatum,
1447 4398 1718 4440 nominibus
1748 4399 1907 4441 allatis
1942 4409 2107 4441 eorum
2141 4400 2314 4450 quibus
2343 4398 2585 4449 Epistulae
