3327 4999
700 351 833 420 632
1447 369 1525 417 m:
1571 369 1628 417 s.
1682 367 1966 418 anucco
2012 365 2311 417 smscoro
2667 345 2772 412 Ex
2815 344 3054 411 SEPT.
3109 336 3155 409 3

615 455 1076 537 destituimur,
1120 455 1190 525 in
1238 475 1389 523 eam
1439 453 1764 524 infamiae
1795 453 2260 546 suspicionem
2289 473 2637 533 vocamur,
2676 462 2740 521 te
2767 470 2906 519 non
2938 447 3155 518 modo

619 545 1008 617 studiorum
1055 555 1445 615 nostrorum
1485 555 1872 636 pertaesum
1903 565 2074 625 esse,
2109 541 2227 613 sed
2259 541 2465 612 etiam
2495 539 2722 632 pravis
2756 538 3158 609 actionibus

617 634 869 705 nostris
916 632 1195 724 expelli,
1232 645 1352 703 tuo
1400 634 1569 703 tanti
1614 633 1742 703 viri
1789 654 2062 705 recessu
2109 631 2295 702 haud
2343 630 2631 703 obscure
2678 627 3148 719 significante,

618 723 892 795 nullum
926 721 1106 814 apud
1145 742 1270 791 nos
1316 722 1575 793 bonum
1624 744 2007 814 superesse.
2060 720 2238 794 Nihil
2270 722 2417 813 Jam
2465 718 2810 821 reliquum
2852 727 2977 798 est,
3014 715 3160 786 nisi

616 825 692 883 ut
736 812 1248 882 calumnientur
1300 812 1782 883 obtrectatores
1828 824 2256 904 augurentur
2309 807 2664 890 maledici,
2711 824 3156 878 successores

616 914 771 973 tuos
803 921 938 971 non
972 900 1174 972 modo
1202 901 1597 991 ejiciendoS,
1652 901 1771 971 sed
1810 901 2015 972 etiam
2048 912 2265 971 morte
2295 897 2715 978 afficiendoS,
2751 893 3033 984 quando
3078 907 3158 966 et

619 1004 695 1062 tu
717 1002 782 1061 te
806 1012 846 1060 a
875 989 1075 1060 nobis
1104 990 1433 1061 subducis
1457 1003 1523 1060 et
1545 991 1787 1062 beatus
1816 990 2188 1071 Amandus,
2224 989 2542 1060 decessor
2569 999 2754 1068 tuuS,
2788 983 3159 1086 pulverem

617 1078 870 1172 pedum
912 1078 983 1147 in
1033 1101 1158 1150 nos
1192 1080 1565 1163 excutiens,
1618 1102 1655 1149 a
1707 1079 1906 1150 nobis
1955 1079 2255 1151 recessit.
2305 1082 2555 1148 Verum
2600 1080 2778 1145 Deus
2820 1095 3154 1165 omnipo-

618 1181 792 1250 tens,
844 1166 1066 1239 sacilis
1111 1169 1196 1239 ad
1245 1168 1782 1261 ignoscendum,
1825 1191 1987 1240 cum
2034 1167 2423 1260 objurgavit
2480 1165 2885 1257 Prophetam
2933 1163 3022 1233 ob
3068 1184 3149 1233 e-

622 1257 858 1328 deram
924 1256 1149 1329 subito
1209 1270 1627 1328 arescentem
1686 1257 1866 1329 male
1924 1270 2321 1329 contentum
2351 1311 2373 1339 ‚
2430 1254 2596 1327 satis
2643 1252 3013 1325 declaravit
3071 1274 3151 1323 se

622 1347 824 1449 longe
870 1347 1145 1450 aegrius
1192 1347 1493 1418 laturum
1521 1403 1537 1429 ,
1589 1347 1649 1417 si
1698 1359 1927 1438 pereat
1987 1359 2300 1419 creatura
2366 1345 2630 1438 ipsiuS,
2683 1363 2890 1431 seque
2933 1341 3154 1413 malle

623 1448 1108 1529 poenitentiam
1160 1450 1615 1527 peccatorum.
1672 1458 1881 1525 quam
1933 1449 2313 1509 mortem.»
2867 1490 2870 1497 .

706 1527 744 1615 ξ
804 1529 937 1599 12.
989 1526 1110 1596 His
1142 1526 1366 1598 verbis
1411 1538 1796 1597 commotus
1843 1525 1948 1596 vir
1992 1526 2132 1607 Dei,
2180 1525 2426 1596 tacitus
2473 1548 2511 1595 a
2564 1522 2658 1595 ud
2709 1543 2780 1594 se
2824 1521 3150 1612 cogitans

619 1612 1050 1702 aliquandiu,
1103 1615 1377 1685 tandem
1409 1614 1479 1684 in
1514 1615 1681 1685 haec
1728 1614 1932 1686 verba
1981 1615 2334 1707 prorupit:
2387 1620 2523 1685 «No
2555 1613 2667 1695 ite,
2701 1611 2943 1683 fratres
2976 1609 3143 1692 mei,

618 1703 691 1774 id
737 1725 956 1795 genus
986 1704 1211 1775 verbis
1259 1726 1367 1773 me
1416 1704 1894 1796 perstringere.
1935 1704 2264 1792 Equidem
2315 1724 2452 1773 non
2508 1702 2788 1772 moleste
2831 1699 2974 1770 fero
3021 1698 3148 1770 de-

620 1792 891 1884 plorare
937 1815 1055 1863 vos
1113 1793 1298 1883 apud
1361 1815 1469 1863 me
1529 1792 1894 1885 dispendia
1959 1792 2388 1865 vestra:·sed
2449 1791 2622 1862 ferre
2670 1810 2807 1859 non
2855 1810 3147 1880 possum

619 1881 801 1970 quod
853 1894 1178 1970 tanquam
1229 1882 1482 1973 injuria
1510 1882 1757 1966 affecti,
1804 1903 2075 1953 mecum
2101 1881 2532 1975 expostulare
2563 1879 2789 1950 vultis.
2834 1883 2978 1950 Non
3013 1899 3147 1968 ego

619 1993 739 2041 vos
785 1970 1210 2041 adulterinos
1242 1971 1478 2041 haberi
1526 1970 1700 2054 volo,
1752 1984 1818 2041 et
1861 1972 2044 2060 quod
2093 1994 2171 2042 ea
2219 1976 2428 2042 causa
2461 1967 2896 2042 discesserim
2943 1990 2985 2036 a
3024 1989 3145 2035 vo-

619 2060 763 2131 bis:
814 2082 939 2131 nec
988 2072 1121 2131 tam
1173 2060 1349 2131 male
1380 2060 1595 2131 sentio
1619 2061 1705 2131 de
1729 2061 1942 2148 vobis,
1981 2072 2059 2132 ut
2082 2061 2460 2132 existimem
2494 2082 2605 2130 me
2654 2057 2927 2128 nullum
2953 2056 3144 2147 apud

619 2171 739 2220 vos
777 2148 1075 2220 fructum
1125 2171 1324 2241 posse
1370 2149 1673 2242 proferre
1702 2205 1718 2226 .
1771 2162 1973 2239 atque
2020 2150 2275 2222 idcirco
2324 2149 2459 2219 alio
2511 2172 2621 2219 me
2683 2145 3090 2218 transferam
3123 2200 3141 2227 ,

618 2238 741 2309 ubi
779 2237 1045 2309 fructus
1090 2240 1311 2329 major
1339 2261 1495 2332 spes
1542 2239 1887 2331 affulgeat.
1928 2239 2052 2311 Sed
2105 2261 2327 2329 neque
2374 2238 2548 2309 mihi
2594 2237 2662 2308 id
2697 2236 2947 2318 tribuo,
3111 2274 3145 2285 -

618 2328 875 2397 fectum
925 2350 1032 2397 me
1077 2350 1264 2399 esse:
1318 2340 1583 2399 tantum
1633 2329 1864 2413 abest,
1923 2340 2001 2400 ut
2057 2328 2591 2421 perfectissimus
2636 2325 2846 2396 videri
2898 2345 2976 2393 ve
3009 2325 3131 2394 im.

619 2422 751 2488 Nec
799 2438 948 2488 meo
985 2417 1252 2510 judicio
1300 2417 1755 2511 perfectorum
1801 2430 1925 2503 est,
1978 2442 2020 2489 a
2064 2419 2322 2512 coeptis
2376 2439 2513 2488 non
2548 2414 2920 2496 discedere,
2955 2427 3025 2485 et
3067 2434 3144 2483 se

620 2506 981 2578 extendere
1011 2508 1082 2577 in
1131 2509 1511 2580 anteriora:
1562 2520 1881 2580 actuosae
1926 2510 2101 2580 vitae
2145 2530 2304 2581 cum
2356 2508 2616 2578 Martha
2662 2505 2999 2586 insistere,
3053 2503 3144 2573 ad

621 2596 1217 2688 contemplativam
1260 2620 1413 2668 vero
1459 2621 1617 2669 cum
1671 2598 1877 2669 Maria
1910 2598 2241 2669 ferventer
2288 2619 2423 2668 non
2458 2596 2799 2688 aspirare:
2849 2607 2919 2665 et
2959 2593 3021 2663 si
3068 2615 3148 2664 se

619 2685 856 2756 offerat
900 2686 1190 2768 occasio,
1234 2699 1551 2758 actuosae
1603 2687 1778 2759 vitae
1814 2688 2045 2779 potius
2091 2687 2522 2768 renunciare,
2573 2707 2785 2773 quam
2831 2695 3146 2775 contem-

618 2774 907 2867 plationi
956 2797 1087 2846 non
1137 2775 1586 2867 cupidissime
1623 2777 2044 2848 incumbere.
2099 2777 2384 2848 Domino
2432 2797 2542 2845 me
2578 2774 2971 2866 adjuvante,
3022 2794 3146 2842 vos

619 2863 789 2933 mihi
840 2865 1267 2946 commiSSOS,
1322 2878 1400 2935 ut
1443 2865 1658 2955 potui,
1711 2866 2130 2957 gubernavi:
2197 2878 2274 2936 ut
2332 2864 2526 2936 labor
2585 2884 2779 2934 meus
2826 2862 2898 2931 in
2946 2860 3147 2934 vobis

614 2953 1008 3024 fructuosus
1052 2966 1250 3035 esset,
1306 2976 1417 3024 ma
1471 2958 1556 3023 na
1605 2955 1933 3026 instantia
1979 2955 2235 3048 rogavi.
2275 2961 2404 3026 Nec
2438 2975 2548 3023 me
2578 2952 2801 3023 taedio
2826 2950 3144 3022 afficiunt

618 3040 847 3112 studia
896 3053 1136 3124 vestra,
1183 3063 1306 3113 nec
1353 3065 1392 3113 o
1446 3042 1635 3113 endit
1686 3044 1980 3135 pravitas
2011 3067 2186 3202 quae
2235 3043 2426 3114 nulla
2457 3054 2580 3123 est,
2624 3043 2976 3113 actionum
3025 3061 3147 3109 ve·-

617 3141 942 3201 strarum.
988 3135 1127 3202 Hoc
1175 3154 1395 3202 unum
1447 3145 1780 3224 superest,
1834 3146 1910 3204 ut
1959 3147 2022 3204 ta
2051 3147 2313 3214 entum,
2376 3131 2560 3221 quod
2610 3132 2678 3201 in
2730 3130 2925 3201 vobis
2969 3150 3142 3221 gau-

616 3219 742 3288 deo
789 3219 1247 3303 cumulatum,
1282 3220 1417 3291 alio
1464 3222 1808 3293 conseram
1860 3223 2083 3315 magis
2115 3219 3031 3315 magisquffcumulandum,
3063 3230 3149 3289 ut

614 3319 836 3378 vestra
860 3309 1309 3410 ,abundantia
1348 3310 1625 3382 illorum
1675 3312 1978 3403 inopiam
2030 3313 2368 3414 suppleat.
2437 3316 2768 3395 Fecerunt
2814 3309 2944 3379 hoc
2983 3318 3146 3378 ante

613 3418 742 3498 nos
787 3409 991 3468 etiam
1034 3400 1251 3470 sancti
1300 3400 1638 3484 homineS,
1692 3423 1987 3488 quorum
2035 3413 2301 3472 utmam
2339 3423 2464 3471 nos
2510 3401 2613 3471 vel
2662 3409 2964 3470 extrema
2999 3419 3144 3466 me-

615 3499 746 3557 r1ta
792 3509 1084 3576 aequare
1131 3489 1513 3580 possimus:
1566 3512 1603 3559 e
1647 3490 1904 3578 quibus
1938 3490 2244 3583 plerique
2283 3489 2565 3582 majoris
2589 3487 2905 3560 utilitatis
2928 3489 3145 3557 causa

615 3575 702 3677 ad
737 3576 1269 3678 alias-ecclesias
1318 3601 1391 3649 se
1439 3579 1793 3651 transferri
1842 3580 2026 3671 passi
2073 3593 2276 3650 sunt:
2331 3578 2651 3650 nonnulli
2696 3600 2817 3669 spe
2862 3575 3144 3648 uberio-

617 3687 715 3736 ris
760 3678 988 3737 meriti
1049 3667 1230 3738 ultro
1277 3669 1845 3758 commigrarunt.
1914 3673 2148 3739 Postea
2210 3690 2389 3750 vero,
2427 3669 2484 3739 si
2534 3691 2606 3739 se
2652 3667 2985 3738 sentirent
3034 3664 3141 3734 vel

615 3776 859 3845 parum
904 3756 1255 3915 ssroficere,
1308 3756 1410 3827 vel
1458 3780 1654 3828 suam
1705 3780 1980 3849 operam
2035 3781 2168 3829 non
2217 3758 2591 3830 admodum
2645 3755 3133 3834 necessariam,

614 3866 761 3914 sese
816 3866 897 3915 su
949 3845 1252 3928 duxere,
1315 3858 1380 3916 et
1425 3847 1511 3917 ad
1574 3848 1866 3938 majores
1924 3847 2194 3919 labores
2249 3846 2726 3940 suscipiendos
2788 3844 3138 3916 obtulere:

609 3934 867 4035 quippe
906 3934 1027 4092 qui
1073 3948 1151 4005 ut
1183 3934 1537 4008 fortissimi
1586 3936 1858 4028 pugiles
1905 3937 2174 4017 Christi,
2227 3938 2407 4007 intra
2432 3936 2682 4026 quietis
2709 3935 3013 4007 claustra
3040 3946 3140 4002 te-

612 4045 758 4092 neri
810 4021 921 4093 nol
953 4034 1091 4104 ent,
1144 4025 1259 4094 sed
1313 4024 1381 4093 in
1450 4038 1760 4115 apertum
1813 4026 2210 4097 certaminis
2264 4047 2585 4117 campum
2636 4024 2816 4096 ultro
2863 4021 3143 4115 prosili-

609 4123 796 4182 rent:
853 4133 988 4182 non
1036 4112 1415 4185 desertores
1465 4136 1735 4206 pugnae
1775 4114 2105 4206 spiritalis
2149 4115 2392 4197 effecti,
2447 4136 2571 4185 nec
2620 4115 2839 4184 instar
2877 4132 3139 4183 merce-

608 4201 964 4302 nariorum
1012 4200 1095 4270 ad
1135 4201 1458 4293 luporum
1484 4216 1927 4295 conspectum
1970 4204 2332 4296 fugientes,
2369 4203 2485 4275 sed
2514 4203 2774 4274 fortiter
2816 4223 3140 4295 congres-

609 4313 794 4373 suri,
854 4312 935 4360 eo
996 4303 1237 4381 sponte
1283 4314 1431 4362 sese
1486 4292 1914 4385 ingerenteS‚
1974 4293 2095 4364 ubi
2159 4306 2277 4364 aut
2324 4293 2542 4363 rarior
2586 4304 2763 4364 esset
2807 4291 3137 4362 adversus

609 4379 839 4480 hostes
886 4380 1293 4451 certantium
1344 4403 1701 4460 numerus,
1735 4396 1855 4453 aut
1898 4383 2035 4473 ipsi
2082 4382 2308 4456 hostes
2336 4382 2566 4453 acrius
2596 4395 2663 4452 et
2686 4381 2971 4473 propius
3003 4379 3133 4449 im·-

610 4469 972 4539 minerent.
1016 4473 1148 4540 Nec
1187 4481 1415 4540 tamen
1464 4492 1612 4562 ego,
1667 4470 1887 4556 filioli,
1948 4472 2197 4544 horum
2254 4472 2429 4543 mihi
2474 4472 2793 4544 virtutem
2836 4490 3127 4563 arrogo:
