3327 4999
652 314 780 379 340
1353 328 1431 375 nn
1478 328 1534 375 s.
1587 325 1866 375 AnnAmo
1921 322 2315 374 conrassonn
2716 308 2963 374 MART.
3018 310 3103 375 46

564 432 724 481 eum
774 409 840 478 vi
871 417 1354 499 expugnasset,
1411 407 1682 477 reduxit
1712 407 1820 477 sui
1867 405 2096 475 fratris
2146 406 2363 476 filiam
2403 407 2489 476 ad
2540 407 2838 499 priorem
2888 407 3107 478 virtu-

567 500 655 569 tis
702 498 1277 569 exercitationem.

653 590 690 676 ἓ
754 592 914 659 23.
969 590 1133 655 Cum
1172 584 1586 675 pervenisset
1626 584 1855 672 itaque
1910 584 1996 653 ad
2051 584 2528 665 diversorium,
2585 606 2720 655 non
2771 607 2972 656 secus
3021 608 3106 656 ac

571 689 854 746 venator
912 675 1173 766 peritus
1235 674 1373 743 huc
1420 685 1485 743 et
1513 673 1681 742 illuc
1730 673 2166 755 observabat,
2220 672 2440 744 sicubi
2493 687 2718 762 posset
2776 673 3108 765 praedam

564 786 811 855 parum
869 786 942 833 er
988 763 1315 853 aspicere.
1347 767 1592 832 Verum
1635 772 1909 853 tempus
1942 762 2028 831 ab
2066 784 2145 831 eo
2185 763 2549 844 terebatur,
2601 775 2666 832 et
2712 784 2859 831 eam
2892 785 3109 851 quam

566 787 957 940 quaerebat,
993 873 1127 921 non
1165 862 1427 943 poterat
1462 851 1790 941 aspicere.
1831 851 1956 920 Illa
1993 851 2177 920 enim
2213 851 2499 951 pudicos
2547 862 2812 920 tantum
2848 852 3111 922 vitabat

562 942 823 1024 oculos,
858 952 1194 1029 quantum
1241 951 1477 1010 contra
1506 941 1911 1010 accurrebat
1947 939 2033 1008 ad
2067 939 2355 1011 lascivos
2386 953 2450 1009 et
2483 939 2897 1030 impudicos.
2935 946 3111 1010 Cum

563 1052 638 1100 er
688 1054 727 1100 o
760 1030 859 1100 sic
906 1052 1057 1099 eam
1124 1050 1260 1098 non
1311 1040 1536 1118 posset
1582 1029 1859 1109 intueri,
1918 1030 2250 1119 excogitat
2310 1050 2451 1097 rem
2509 1027 2883 1115 quamdam
2922 1051 3109 1116 quae

560 1054 686 1189 vag
717 1119 862 1191 sola
900 1130 1117 1210 potest
1146 1118 1500 1187 ostendere
1535 1139 1866 1208 magnum
1907 1117 2096 1186 illius
2127 1117 2351 1186 zelum
2383 1130 2449 1186 et
2475 1118 3097 1202 quemadmodum,

561 1220 639 1278 ut
669 1219 965 1278 servaret
1011 1206 1343 1289 animam,
1393 1230 1433 1276 a
1463 1206 1656 1275 nulla
1691 1228 1763 1275 re
1801 1207 2085 1277 omnino
2129 1205 2536 1277 abstinebat.
2582 1207 2916 1276 Amatoris
2946 1207 3108 1294 qui-

564 1296 723 1366 dem
773 1295 1056 1368 simulat
1099 1306 1163 1364 et
1195 1296 1504 1366 habitum
1549 1308 1614 1364 et
1662 1317 1907 1375 mores,
1960 1296 2079 1382 qui
2117 1317 2195 1365 eo
2244 1307 2685 1385 pervenerat,
2750 1308 2826 1363 ut
2871 1306 3097 1376 esset,

564 1386 744 1456 sicut
790 1384 1041 1475 angeli,
1120 1405 1330 1474 prope
1401 1406 1640 1474 expers
1703 1384 2049 1453 materiae:
2101 1396 2165 1453 et
2212 1383 2411 1474 fingit
2472 1405 2543 1454 se
2590 1405 2823 1453 amare
2869 1405 3110 1453 amore

564 1473 852 1543 carnali.
908 1478 1142 1559 Itaque
1176 1471 1432 1543 sensim
1482 1473 1814 1542 accedens
1845 1472 1929 1540 ad
1980 1473 2337 1541 dominum
2371 1472 2765 1542 diversorii:
2800 1495 2835 1538 «
2860 1472 3108 1555 Audio,

562 1563 814 1650 inquit,
868 1561 1052 1653 apud
1105 1573 1165 1631 te
1212 1583 1360 1631 esse
1409 1562 1710 1652 puellam
1748 1561 2000 1651 insigni
2040 1560 2556 1651 pulchritudine
2602 1583 2779 1648 quae
2837 1574 3112 1651 praeest

565 1651 940 1721 diversorio
986 1661 1051 1720 et
1096 1649 1397 1720 volentes
1444 1650 1743 1720 admittit
1772 1662 2130 1720 amatores,
2173 1649 2367 1721 Illius
2397 1649 2609 1739 igitur
2648 1671 2773 1740 ego
2825 1672 3110 1737 quoque

565 1753 808 1831 captus
856 1760 1110 1819 amore,
1151 1739 1288 1808 huc
1334 1739 1616 1808 accessi.
1656 1762 1692 1805 »
1727 1738 2110 1809 Praefectus
2163 1751 2387 1808 autem
2440 1738 2794 1808 diversorii
2826 1739 3112 1809 intuens

566 1830 651 1898 ad
688 1850 897 1898 canos
943 1828 1268 1909 Abramii,
1307 1845 1465 1895 rem
1523 1849 1680 1896 vero
1733 1828 2058 1928 ignorans
2091 1838 2156 1897 et
2205 1827 2514 1897 nesciens
2573 1827 2909 1914 quidnam
2966 1828 3110 1898 sibi

563 1917 798 1987 volens
847 1938 917 1987 se
964 1937 1197 1985 amare
1226 1916 1607 1997 simularet,
1660 1938 1892 1985 ammo
1940 1916 2221 2003 quidem
2270 1936 2429 1985 eum
2477 1916 3010 1986 abominabatur
3042 1928 3115 1987 et

561 2028 719 2075 eum
773 2027 1062 2096 magnae
1095 2004 1469 2073 damnabat
1500 2004 1976 2096 impudicitiae
2023 2018 2088 2074 et
2117 2004 2708 2093 intemperantiae,
2755 2004 2938 2092 quod
2977 2027 3109 2074 nec

562 2095 632 2163 in
686 2108 872 2164 tanta
917 2094 1195 2181 quidem
1252 2106 1596 2163 senectute
1646 2106 1714 2162 et
1767 2094 2017 2163 canitie
2066 2093 2430 2163 sustineret
2478 2115 2627 2163 esse
2682 2106 3102 2183 temperans,

562 2183 679 2254 sed
727 2184 878 2274 ejus
920 2203 1142 2253 mores
1190 2182 1359 2251 adeo
1390 2182 1860 2273 discreparent
1906 2185 1993 2252 ab
2041 2195 2275 2251 aetate.
2313 2187 2404 2251 Ne
2450 2194 2678 2251 autem
2724 2182 3113 2272 privaretur

560 2272 875 2340 mercede
920 2293 1125 2357 quam
1180 2283 1455 2362 propter
1518 2271 1820 2360 puellam
1889 2283 2033 2340 erat
2105 2271 2506 2350 habituruS,
2577 2271 2800 2340 visum
2849 2283 2950 2340 est
2999 2271 3109 2341 illi

561 2382 792 2431 senem
846 2381 1210 2450 provocare
1256 2371 1320 2428 et
1368 2360 1676 2441 incitare,
1733 2373 1935 2446 atque
1996 2359 2080 2429 ad
2134 2359 2460 2449 majorem
2525 2358 2896 2429 accendere
2947 2359 3109 2429 libi-

560 2449 818 2531 dinem,
871 2449 1110 2520 dicens
1169 2470 1318 2518 esse
1385 2448 1667 2537 quidem
1721 2447 2019 2539 puellam
2086 2448 2464 2539 elegantem
2515 2461 2581 2518 et
2628 2448 2991 2539 pulchram
3042 2462 3113 2519 et

557 2539 712 2607 aliis
760 2537 1078 2608 foeminis
1128 2549 1393 2607 tantum
1445 2538 2044 2627 praestantiorem,
2098 2550 2435 2624 quantum
2484 2549 2585 2606 est
2633 2560 2790 2610 rosa
2853 2538 3102 2608 laetior

557 2628 843 2698 caeteris
892 2627 1204 2697 floribus:
1260 2647 1508 2695 nomen
1558 2638 1788 2695 autem
1835 2626 1899 2694 ei
1944 2648 2094 2696 esse
2142 2627 2448 2695 Mariam.

650 2718 685 2804 ξ
731 2721 877 2788 221.
932 2721 1110 2784 Haec
1158 2737 1317 2783 cum
1367 2713 1647 2784 dixisset
1677 2715 2002 2785 dominus
2050 2714 2426 2796 diversorii,
2479 2715 2713 2784 audito
2764 2716 3044 2785 nomine
3076 2771 3092 2800 ,

554 2804 920 2874 Abramius
968 2816 1198 2893 aperte
1244 2803 1562 2902 cognovit
1609 2803 1787 2872 hanc
1834 2824 1981 2873 esse
2029 2803 2243 2884 illam,
2301 2825 2521 2890 neque
2549 2804 2908 2873 dubitabat
2956 2825 3104 2873 am-

558 2894 768 2983 plius.
824 2898 1027 2961 Manu
1076 2892 1289 2982 igitur
1336 2914 1405 2958 1n
1458 2892 1688 2961 sinum
1738 2893 2053 2962 immissa
2099 2904 2164 2960 et
2211 2915 2498 2961 nummo
2546 2892 2767 2962 soluto
2816 2892 3101 2963 domino

556 2980 938 3060 diversorii,
983 2981 1180 3070 jubet
1230 2980 1457 3070 parari
1504 3002 1787 3050 coenam
1835 2993 1900 3049 et
1946 2981 2290 3051 introduci
2341 2981 2665 3071 puellam.
2705 2985 2923 3051 Coena
2971 2982 3100 3051 ita-

556 3092 690 3156 que
737 3073 847 3159 opi
904 3091 1018 3138 are
1070 3073 1329 3159 parata,
1383 3069 1738 3139 diversorii
1804 3069 2130 3139 dominus
2177 3070 2262 3139 ad
2311 3092 2461 3139 eam
2519 3071 2749 3139 educit
2797 3069 3104 3160 puellam

555 3179 732 3245 quae
784 3180 861 3226 va
892 3157 975 3226 de
1021 3170 1166 3227 erat
1211 3157 1523 3237 delicata,
1579 3157 1809 3227 mollis
1855 3173 1920 3228 et
1967 3158 2322 3228 dissoluta.
2365 3163 2580 3241 Quam
2613 3181 2772 3228 cum
2823 3158 3106 3230 vidisset

560 3247 660 3318 sic
697 3246 1050 3316 meretrice
1098 3257 1408 3316 ornatam
1455 3246 1844 3326 Abramius,
1899 3247 2102 3316 corde
2152 3248 2375 3316 medio
2426 3247 2814 3318 sauciatur:
2867 3260 2932 3316 et
2982 3271 3102 3317 co-

554 3336 854 3405 nabatur
898 3334 1177 3422 quidem
1210 3334 1528 3405 cohibere
1556 3335 1920 3424 lacryma&
1978 3357 2060 3405 ne
2090 3349 2319 3406 actum
2367 3336 2753 3426 prodenteS,
2786 3336 3099 3427 puellam

562 3425 982 3515 effugarent,
1035 3445 1272 3491 earum
1337 3435 1562 3492 tamen
1613 3425 1901 3494 minime
1963 3437 2221 3515 poterat
2269 3425 2504 3494 sistere
2550 3425 2949 3506 fluxionem,
3003 3426 3108 3494 vi-

561 3525 715 3583 ctus
764 3536 805 3582 a
842 3511 1099 3583 doloris
1162 3511 1560 3581 necessitate
1593 3567 1609 3593 ‚
1665 3512 1849 3581 unde
1913 3514 2117 3582 etiam
2168 3514 2484 3604 guttatim
2536 3513 3052 3599 lacrymabatur
3083 3567 3099 3590 .

560 3603 633 3671 in
685 3600 970 3671 alteram
1019 3612 1280 3692 partem
1329 3613 1729 3671 convertens
1778 3601 2019 3671 faciem
2069 3613 2133 3671 et
2171 3624 2212 3671 a
2252 3603 2448 3692 genis
2496 3603 2830 3692 repellens
2881 3602 3106 3691 lacry-

555 3713 727 3759 mas.
784 3696 863 3759 Ut
909 3704 1135 3760 autem
1171 3688 1384 3776 hujus
1432 3691 1529 3758 rei
1559 3711 1836 3759 omnem
1866 3690 2157 3763 auferret
2206 3691 2696 3782 suspicionem,
2742 3693 3099 3763 amatoriis

556 3803 593 3848 a
649 3779 747 3848 ud
796 3802 945 3848 eam
998 3778 1221 3847 verbis
1271 3778 1611 3861 utebatur,
1668 3780 2151 3866 annuebatque
2197 3791 2262 3849 et
2286 3781 2582 3849 suaviter
2628 3779 2995 3860 arridebat,
3038 3793 3109 3851 et

560 3891 601 3936 a
635 3869 699 3936 ia
745 3869 981 3938 omnia
1027 3866 1318 3936 faciebat
1389 3889 1565 3955 quac
1626 3881 1914 3957 possunt
1977 3890 2342 3970 provocare
2387 3881 2451 3938 et
2497 3867 2581 3937 ad
2633 3891 2936 3938 amorem
2987 3891 3107 3939 ac-

561 3956 877 4026 cendere.
934 3955 1059 4025 Illa
1103 3969 1332 4026 autem
1385 3957 1685 4028 vicissim
1719 3957 2036 4026 Abramio
2083 3957 2405 4027 offerebat
2447 3957 2759 4027 osculum
2811 3968 2876 4026 et
2923 3969 3110 4028 arcte

562 4044 819 4115 collum
871 4045 1020 4135 ejus
1058 4045 1620 4136 amplectebatur.
1677 4046 1953 4115 Interim
2001 4067 2156 4115 vero
2203 4068 2358 4115 curn
2395 4046 2650 4115 sensim
2687 4045 3108 4116 redolentem

562 4145 911 4204 castorum
986 4146 1052 4204 et
1110 4135 1574 4204 exercitationi
1647 4134 2034 4205 deditorum
2115 4134 2581 4204 membrorum
2649 4134 3102 4225 fragrantiam

563 4223 913 4298 sensisset.
967 4235 1032 4291 et
1080 4222 1253 4292 vitae
1353 4223 1550 4293 rioris
1596 4234 1773 4293 esset
1820 4223 2170 4294 recordata
2219 4235 2285 4293 et
2329 4223 2492 4293 boni
2537 4223 2889 4304 castitatis,
2944 4237 3010 4293 et
3058 4247 3104 4294 a

563 4311 841 4399 quantis
888 4311 1089 4381 bonis
1135 4311 1276 4380 exci
1334 4311 1497 4382 isset
1555 4312 1829 4393 misera,
1880 4312 2074 4382 valde
2124 4311 2265 4381 lacr
2315 4312 2633 4381 mabatur
2686 4324 2752 4381 et
2806 4313 2874 4381 in
2931 4313 3107 4381 emi-

555 4401 809 4484 scebat,
834 4412 921 4484 et,
959 4405 1133 4470 «Vae
1156 4400 1327 4470 mihi
1355 4401 1982 4483 miserae‚dicebat,
2019 4423 2141 4471 vae
2173 4401 2267 4471 mi
2323 4401 2541 4488 iquae
2563 4423 2714 4473 sum
2741 4402 2885 4491 imp
2919 4401 3101 4473 icata
