3327 4999
176 319 285 385 EX
333 317 506 385 OCT.
562 314 635 382 Μ
682 291 685 294 ’
913 335 993 382 1>ss
1041 336 1097 383 s.
1150 332 1446 383 nummus
1494 333 1717 385 coron.
1771 333 1969 383 muse.
2505 321 2634 385 677

176 421 496 492 traditam
540 443 579 488 a
627 420 823 489 beato
870 424 1065 490 Petro
1097 420 1412 521 Apostolo
1448 442 1686 489 sanam
1749 442 2102 490 servavere
2150 419 2560 507 doctrinam,
2605 444 2720 491 ca·-

184 509 480 579 tholicae
512 507 675 578 fidei
723 508 1109 598 integritate
1141 532 1210 578 ln
1248 531 1404 577 vera
1451 508 1881 580 confessione
1910 520 1974 578 et
2020 508 2401 578 inviolabili
2441 510 2720 580 veritate

175 597 708 689 praedicationis
754 599 982 666 uniri:
1064 597 1466 687 synodicam
1518 620 1715 666 suam
1782 596 2156 688 Epistolam
2207 619 2328 688 per
2375 599 2720 668 Hadama-

176 708 333 756 rum
363 741 379 766 ‚
430 685 890 755 venerabilem
969 686 1366 755 monasterii
1417 685 1778 755 Fuldensis
1841 686 2163 757 Abbatem
2197 741 2211 767 ‚
2295 691 2579 756 Romam
2630 687 2717 756 ad

173 779 548 864 Agapetum
592 775 806 843 mirae
854 775 1234 844 sanctitatis
1268 780 1521 865 Papam
1555 774 1824 843 direxit:
1863 776 1934 843 in
1983 796 2145 861 qua,
2188 774 2391 862 cujus
2432 775 2719 865 spiritus

175 875 354 933 esset
399 875 464 932 et
509 863 675 950 quia
723 873 955 951 pastor
1001 863 1087 932 ab
1135 862 1378 934 ovibus
1425 863 1705 937 electus.
1760 885 1799 931 a
1850 863 2136 932 Domino
2192 863 2450 932 missus
2514 874 2712 944 esset,

172 952 493 1021 innotuit.
545 951 1077 1042 Appellatusque
1126 961 1226 1020 est
1273 951 1368 1019 ibi
1416 973 1703 1020 concors
1750 962 1815 1020 et
1857 951 2161 1020 concivis
2209 951 2711 1041 Apostolorum,

174 1039 500 1130 princeps
545 1052 612 1109 et
660 1061 780 1140 pro
833 1049 1070 1130 agator
1103 1039 1377 1108 Domini
1426 1051 1973 1129 praeceptorum.
2015 1044 2308 1129 Legatus
2356 1039 2517 1109 inde
2555 1062 2715 1109 cum

171 1151 427 1220 magna
476 1139 725 1197 mentis
756 1150 796 1196 a
827 1128 1105 1197 acritate
1138 1149 1472 1207 reversuS,
1512 1127 1625 1217 pio
1674 1127 1954 1218 pastori,
1999 1128 2114 1197 cui
2161 1128 2450 1198 antehac
2550 1129 2723 1197 ratia

172 1217 288 1285 Dei
337 1215 665 1286 collatum
714 1228 837 1295 est,
886 1214 1269 1286 secundum
1321 1216 1751 1306 prophetam,
1787 1214 2016 1285 oleum
2051 1215 2290 1307 gaudii
2340 1238 2462 1306 pro
2522 1229 2712 1296 netu,

170 1317 338 1375 tunc
385 1303 614 1374 attulit
690 1303 930 1384 allium
962 1303 1187 1374 laudis
1236 1327 1357 1395 pro
1392 1305 1643 1395 spiritu
1690 1304 2043 1374 moeroris.
2082 1304 2377 1394 Spiritus
2419 1326 2719 1391 namque

172 1394 290 1462 Dei
322 1393 600 1462 cordato
696 1392 912 1460 omini
960 1404 1025 1461 et
1064 1393 1477 1462 sacramenti
1506 1392 1719 1483 hujus
1767 1393 2177 1482 magnificae
2215 1393 2449 1462 virtuti
2490 1394 2715 1483 magis

166 1502 378 1568 quam
455 1481 562 1551 his
606 1500 781 1566 quae
830 1480 1188 1550 visibiliter
1239 1482 1702 1572 gerebantur,
1767 1480 2029 1550 intento
2098 1480 2431 1552 divinitus
2497 1481 2607 1550 ins
2661 1483 2719 1550 i-

167 1571 392 1650 ravit,
447 1580 524 1638 ut
561 1570 852 1660 erigeret
888 1591 1006 1640 cor
1052 1591 1262 1640 suum
1329 1569 1396 1638 in
1462 1590 1654 1660 spem
1729 1590 1851 1670 per
1925 1569 2259 1659 gaudium
2310 1570 2604 1659 spiritua
2636 1593 2709 1651 e,

169 1681 257 1726 ne
309 1657 689 1727 tristaretur
752 1657 819 1725 in
869 1680 948 1727 eo
1010 1679 1214 1744 quem
1289 1657 1502 1727 sensit
1550 1658 1937 1738 immmere,
2008 1657 2260 1727 labore.
2327 1663 2451 1727 Cor
2497 1660 2710 1737 enim,

166 1746 355 1834 quod
406 1746 589 1815 novit
636 1746 1171 1816 amaritudinem
1221 1748 1493 1815 animae
1542 1768 1730 1827 suae,
1787 1746 1856 1814 in
1905 1745 2160 1835 gaudio
2206 1747 2357 1835 ejus
2410 1768 2543 1815 non
2591 1748 2719 1815 mi-

167 1835 473 1905 scebitur
518 1845 904 1904 extraneus.
961 1836 1343 1925 Sapientiae
1394 1836 1560 1905 haec
1607 1836 1814 1905 verba
1844 1846 2030 1903 sunt.
2072 1840 2361 1923 Legatus
2399 1857 2585 1925 erg0‚
2638 1847 2715 1905 ut

170 1923 360 2009 loqui
409 1924 786 2012 coepimus,
844 1926 1058 1992 Roma
1109 1924 1403 2004 rediens,
1457 1924 1717 1992 bonum
1771 1923 2095 1992 nuntium
2145 1922 2493 1992 Coloniam
2545 1923 2719 1991 ferre

167 2010 616 2092 acceleravit,
672 2024 952 2100 portans
1001 2033 1277 2081 sacrum
1352 2011 1663 2081 habitum
1723 2011 1779 2093 ⁴²,
1834 2011 1920 2079 ab
1967 2011 2343 2081 universali
2391 2011 2718 2081 Pontifice

166 2099 487 2179 missum,
552 2100 1106 2189 praetendentem
1145 2100 1398 2189 jugum
1452 2099 1720 2169 Domini
1769 2121 1977 2168 suave
2014 2110 2079 2169 et
2125 2121 2304 2169 onus
2351 2100 2502 2189 ejus
2575 2099 2717 2168 leve

164 2199 231 2256 et
279 2188 511 2276 ipsum
567 2187 776 2287 quod,
839 2188 970 2257 sub
1016 2210 1095 2257 eo
1143 2189 1608 2278 dispensatur,
1654 2187 1919 2256 humile
1978 2188 2467 2268 ministerium,
2526 2187 2710 2275 quod

170 2277 378 2345 verba
425 2277 693 2345 Domini
743 2287 1116 2356 testantur,
1168 2277 1506 2346 dicentis:
1576 2275 1707 2359 Qui
1756 2277 1975 2365 major
2020 2287 2121 2346 est
2185 2287 2486 2347 vestrum
2520 2333 2534 2357 ,
2588 2277 2718 2345 erit

165 2364 482 2434 minister
529 2376 769 2444 vester;
814 2363 1038 2434 serens
1086 2365 1296 2434 simul
1329 2364 1657 2452 reliquias
1689 2364 1773 2432 de
1802 2363 2078 2465 proprio
2116 2387 2402 2455 corpore
2437 2370 2501 2433 S.
2535 2371 2711 2433 Pan-

166 2453 456 2524 taleonis
523 2454 845 2543 martyris
894 2465 960 2523 et
1008 2451 1470 2545 privilegium,
1524 2451 1948 2544 Apostolicae
1997 2453 2442 2525 sublimitatis
2481 2464 2714 2524 aucto-

167 2544 365 2612 ritate
413 2541 766 2625 traditum,
819 2565 958 2630 quo
1003 2554 1068 2612 et
1114 2542 1350 2612 eodem
1413 2542 1621 2632 pallio
1675 2554 1940 2632 praeter
1986 2543 2555 2613 consuetudinem
2610 2566 2716 2615 sa-

166 2631 408 2701 cerdos
448 2631 743 2712 Domini,
796 2631 1064 2719 quoties
1114 2631 1332 2712 vellet,
1388 2631 1586 2701 indui
1637 2630 2014 2717 permissus
2059 2642 2124 2699 et
2170 2633 2518 2703 concessis
2566 2654 2715 2701 om-

165 2721 374 2790 nibus
420 2741 600 2807 quae
649 2721 1076 2809 petebantur,
1117 2720 1263 2810 ipse
1298 2741 1460 2811 prae
1510 2719 1993 2809 magnitudine
2041 2720 2309 2789 virtutis
2341 2734 2406 2790 et
2439 2722 2715 2810 sapien-

167 2810 299 2878 tiae
347 2810 416 2877 in
477 2809 962 2910 participatum
1013 2808 1166 2897 ejus
1221 2810 1472 2899 operiS,
1531 2820 1597 2877 et
1646 2829 1859 2898 prope
1906 2809 1976 2875 in
2027 2830 2428 2878 consessum
2491 2820 2716 2879 tantae

164 2897 520 2987 dignitatis
550 2898 632 2966 ad
647 2920 901 2967 missus
929 2910 1052 2967 est.
1107 2898 1498 2987 Properavit
1529 2897 1599 2965 in
1635 2918 2005 2965 occursum
2039 2897 2190 2985 ejus
2223 2896 2397 2966 laeta
2443 2895 2708 2977 civitaS,

163 2986 475 3072 undique
514 2984 827 3073 jubilans
875 2986 1173 3055 accurrit
1236 2984 1649 3064 multitudo,
1703 2995 2171 3054 convenerunt
2235 2985 2307 3053 in
2372 2985 2712 3056 suburbio

166 3096 378 3164 prope
425 3075 790 3161 antiquum
869 3075 1091 3143 locum
1130 3129 1144 3153 ‚
1209 3074 1332 3144 ubi
1370 3073 1657 3142 ecclesia
1705 3073 2018 3162 ejusdem
2069 3073 2344 3163 pretiosi
2387 3073 2713 3161 martyris

162 3175 306 3230 erat
354 3161 617 3231 inculta
662 3161 890 3231 adhuc
953 3173 1018 3230 et
1079 3162 1322 3231 ruinae
1382 3163 1735 3252 proxima.
1800 3162 1905 3231 Ibi
1953 3161 2264 3252 deposita
2312 3174 2474 3231 sunt
2515 3173 2711 3251 grata

163 3271 396 3329 onera,
449 3249 698 3319 deinde
730 3272 855 3319 suo
883 3271 1197 3337 quaeque
1231 3250 1379 3320 loco
1428 3251 1749 3340 reposita.

251 3339 288 3424 ξ
356 3341 525 3408 ²0.
582 3343 799 3407 Monet
848 3361 955 3406 me
1015 3338 1127 3406 hic
1186 3337 1702 3424 aliquantulum
1776 3337 2132 3406 immorari
2205 3337 2489 3409 festivus
2539 3338 2701 3418 ille,

163 3425 286 3514 qui
334 3438 566 3516 postea
614 3426 683 3495 in
719 3425 905 3494 brevi
958 3426 1129 3515 proh
1160 3426 1355 3495 dolor
1402 3427 1621 3496 factus
1665 3437 1765 3496 est
1796 3426 2186 3507 funerosus,
2231 3426 2540 3516 ejusdem
2578 3426 2710 3496 loci

160 3536 516 3585 occursus,
592 3515 694 3584 lbi
743 3514 1152 3583 venerabilis
1202 3514 1325 3582 iste
1373 3516 1669 3585 amictus
1719 3515 1978 3603 primo,
2033 3514 2131 3584 ibi
2181 3524 2548 3603 postrem0‚
2604 3537 2712 3583 se-

162 3603 295 3674 mel
331 3603 524 3684 lacto,
578 3602 785 3671 semel
840 3602 1118 3703 lugubri
1151 3602 1456 3671 carmine
1489 3614 1854 3692 susceptus
1901 3613 2025 3671 est.
2067 3607 2326 3690 Corpus
2373 3604 2560 3670 enim
2602 3626 2711 3672 re-

163 3691 388 3782 ligiosi
449 3703 513 3759 et
563 3696 691 3760 Deo
741 3691 935 3781 digni
1012 3690 1385 3761 sacerdotis
1445 3690 1700 3758 ibidem
1765 3689 2267 3779 sepeliendum,
2323 3690 2533 3759 officii
2599 3692 2711 3760 sui

161 3780 466 3880 insignia
500 3800 637 3848 non
686 3780 917 3848 amisit
974 3801 1150 3866 quae
1181 3792 1408 3847 tamen
1450 3778 1901 3868 spiritualiter
1948 3789 2014 3846 et
2063 3776 2214 3846 ideo
2251 3777 2539 3847 feliciter
2569 3835 2583 3859 ,
2637 3791 2716 3848 ut

160 3870 546 3948 credimus,
618 3867 854 3936 anima
903 3889 1138 3936 secum
1189 3867 1385 3935 vexit,
1441 3872 1703 3936 Arcano
1767 3867 1999 3953 itaque
2045 3866 2539 3957 omnipotentis
2596 3869 2714 3936 Dei

162 3957 451 4028 consilio
500 3956 855 4047 provisum
903 3968 1040 4037 est,
1096 3969 1171 4024 ut
1222 3954 1404 4024 idem
1484 3955 1678 4025 locus
1725 3954 1811 4023 ad
1873 3953 2288 4023 declaranda
2337 3954 2558 4023 sancti
2608 3956 2717 4025 sui

164 4045 487 4133 martyris
539 4045 803 4123 merita,
858 4044 1081 4143 prima
1115 4044 1242 4113 hac
1290 4044 1649 4113 occasione
1683 4042 2149 4112 illustraretur
2175 4054 2240 4111 et
2292 4041 2444 4111 talis
2492 4043 2710 4125 fieret,

162 4134 285 4204 ubi
321 4134 576 4203 viriste
621 4132 889 4202 Domini
939 4132 1273 4221 pacificus
1321 4145 1385 4200 et
1436 4131 1845 4201 mirabiliter
1893 4129 2215 4210 humilis,
2271 4132 2713 4220 potissimum

162 4221 441 4311 eligeret
501 4223 634 4292 sub
696 4219 1007 4312 ejusdem
1079 4220 1174 4310 pii
1226 4221 1548 4309 martyris
1624 4220 2008 4311 patrocinio
2073 4218 2409 4288 tremendi
2462 4219 2717 4320 judicii

165 4310 349 4379 dieni
396 4321 461 4380 et
490 4310 761 4380 suturae
810 4308 1331 4379 resurrectionis
1377 4308 1671 4400 gloriam
1704 4308 2052 4379 exanimis·
2094 4307 2517 4398 praestolari.
2573 4312 2719 4377 Non

214 4427 241 4456 ¹⁸¹
272 4428 369 4468 noo
389 4429 463 4469 est
480 4430 672 4470 Pontum
689 4428 1104 4478 archiepiscopale.
1124 4429 1190 4467 De
1209 4428 1251 4477 ej
1259 4436 1316 4467 ua
1334 4428 1534 4476 mystica
1548 4427 1908 4478 significatione.
1921 4428 2074 4467 torma
2089 4426 2137 4467 et
2150 4427 2349 4467 materis
2364 4426 2477 4465 subl
2492 4426 2720 4466 dicemus.
