3327 4999
224 310 471 377 MART.
526 309 567 375 3
1017 326 1097 376 nn
1143 328 1236 377 ss.
1288 328 1532 379 manso
1599 332 1676 379 m·
1722 330 1987 380 Asrnmo
2024 332 2141 380 n.
2614 315 2701 381 23

302 411 341 495 ἓ
408 414 544 482 11.
598 407 781 479 Obiit
828 419 1060 479 autem
1101 408 1371 479 Ceadda
1428 421 1614 482 sexto
1668 411 1779 480 die
1827 416 2177 482 Nonarum
2247 411 2675 495 Martiarum,
2713 423 2783 483 et

217 496 535 587 sepultus
587 508 688 566 est
745 497 1029 584 quidem
1080 498 1304 588 primo
1341 497 1544 590 juxta
1587 499 1951 570 ecclesiam
2001 513 2278 570 sanctae
2317 500 2606 570 Mariae:
2663 502 2783 571 sed

216 585 661 675 postmodum
694 585 953 655 ibidem
1005 598 1401 657 constructa
1444 588 1736 658 ecclesia
1785 588 2167 660 beatissimi
2227 588 2566 681 principis
2613 595 2788 681 Apo-

214 674 552 744 stolorum
605 676 808 756 Petri‚
848 676 920 742 in
969 674 1288 745 eamdem
1316 688 1481 746 sunt
1511 677 1663 777 ejus
1710 699 1869 747 ossa
1908 677 2277 747 translata:
2313 679 2385 748 in
2425 700 2563 766 quo
2595 694 2788 749 utro·

211 783 346 849 que
413 762 587 844 loco,
653 762 743 831 ad
807 762 1149 833 indicium
1216 763 1489 835 virtutis
1551 765 1766 847 illius,
1838 765 2061 835 solent
2108 767 2352 836 crebra
2398 766 2781 845 sanitatum

215 851 558 920 miracula
597 852 896 941 operari.
951 851 1256 939 Denique
1294 874 1521 944 nuper
1566 853 2014 954 phreneticus
2060 854 2372 940 quidam,
2442 855 2612 925 dum
2666 878 2790 946 per

212 951 465 1009 cuncta
514 938 815 1010 errando
862 939 1301 1022 discurreret,
1356 940 1628 1010 devenit
1667 941 1765 1011 ibi
1795 963 2099 1031 vespere,
2149 942 2619 1013 nescientibus
2647 945 2791 1013 sive

214 1049 354 1097 non
406 1028 823 1098 curantibus
871 1026 1003 1097 loci
1051 1028 1497 1100 custodibus:
1558 1040 1625 1099 et
1682 1030 1779 1100 ibi
1852 1040 1987 1100 tota
2051 1042 2248 1100 nocte
2311 1031 2775 1118 requiescens,

214 1136 422 1185 mane
469 1128 713 1187 sanato
763 1137 974 1186 sensu
1033 1138 1376 1207 egressuS‚
1415 1118 1836 1188 mirantibus
1881 1131 1947 1191 et
1994 1118 2462 1210 gaudentibus
2487 1122 2787 1202 cunctis,

212 1204 530 1290 quodibi
582 1205 974 1285 sanitatem,
1031 1205 1320 1276 Domino
1352 1205 1710 1297 largiente,
1747 1219 2162 1278 consecutus
2203 1220 2404 1290 esset,
2459 1209 2783 1279 ostendit.

212 1295 331 1361 Est
377 1305 610 1362 autem
660 1293 857 1363 locus
897 1292 1200 1383 sepulcri
1249 1294 1492 1366 tumba
1538 1294 1792 1386 lignea,
1849 1296 1922 1364 in
1973 1295 2264 1366 modum
2312 1297 2783 1366 domunculae

212 1379 419 1462 sacta,
455 1395 848 1472 coopertUS‚
903 1381 1166 1452 habens
1213 1381 1522 1452 foramen
1574 1383 1646 1452 in
1698 1383 1976 1474 pariete,
2019 1406 2141 1475 per
2186 1384 2371 1471 quod
2421 1385 2646 1455 solent
2683 1385 2782 1467 hi,

211 1469 337 1555 qui
370 1472 585 1540 causa
615 1470 998 1540 devotionis
1039 1469 1160 1540 illo
1208 1470 1606 1553 adveniunt,
1661 1486 1951 1542 manum
2001 1494 2203 1543 suam
2267 1473 2662 1555 immittere,
2703 1496 2785 1543 ac

214 1570 483 1647 partem
536 1558 843 1648 pulveris
892 1558 1052 1627 inde
1109 1581 1495 1630 assumere:
1567 1582 1778 1647 quam
1826 1581 1987 1630 cum
2048 1560 2122 1629 in
2171 1583 2387 1649 aquas
2437 1562 2781 1645 miserint,

214 1656 425 1731 atque
472 1646 600 1715 bas
648 1647 1174 1717 infirmantibus
1210 1648 1551 1733 jumentis
1599 1648 1742 1717 sive
1790 1648 2194 1719 hominibus
2241 1649 2625 1740 gustandas
2673 1649 2792 1721 de-

216 1732 469 1814 derint,
509 1756 663 1804 mox
712 1735 1140 1805 infirmitatis
1169 1735 1399 1806 ablata
1430 1736 1770 1816 molestia,
1806 1736 1891 1805 ad
1920 1740 2198 1826 cupitae
2232 1738 2583 1829 sospitatis
2615 1762 2790 1830 gau-

218 1821 340 1891 dia
388 1820 703 1893 redeunt.
760 1828 839 1893 In
896 1823 1099 1912 cujus
1148 1824 1380 1895 locum
1445 1824 1790 1894 ordinavit
1856 1825 2253 1896 Theodorus
2321 1826 2783 1911 winfridum,

221 1909 450 1979 virum
491 1911 752 1980 bonum
804 1922 870 1981 et
918 1912 1333 1994 modestum,
1386 1912 1531 1999 qui,
1587 1912 1767 1982 sicut
1816 1913 2378 2002 praedecessores
2410 1916 2585 2006 ejuS,
2677 1938 2790 1986 ro-

216 1998 470 2068 vinciis
519 1999 929 2069 Merciorum
978 2011 1044 2069 et
1111 2000 1774 2071 mediterraneorum
1823 2002 2199 2093 Anglorum
2249 2015 2314 2073 et
2363 2004 2600 2074 Lindis
2633 2026 2786 2075 aro-

216 2108 377 2155 rum
424 2087 868 2177 episcopatus
914 2087 1141 2158 officio
1172 2102 1552 2179 praeesset:
1607 2089 1679 2157 in
1720 2089 1980 2175 quibus
2004 2091 2274 2163 cunctis
2308 2093 2629 2162 vulfhere
2658 2092 2784 2179 qui

218 2174 449 2244 adhuc
501 2187 880 2266 supererat,
932 2188 1284 2267 sceptrum
1332 2177 1528 2269 regni
1579 2177 1873 2247 tenebat.
1914 2183 2070 2248 Erat
2099 2191 2328 2249 autem
2376 2180 2780 2250 Winl‘ridus

214 2261 299 2331 de
346 2262 535 2333 clero
582 2264 757 2354 ejus
797 2264 910 2334 cui
959 2264 1110 2355 ipse
1157 2276 1606 2349 successerat,
1660 2266 2011 2347 antistitiS‚
2065 2278 2129 2335 et
2176 2267 2583 2339 diaconatus
2630 2268 2785 2339 offi-

212 2351 318 2420 cio
350 2352 489 2423 sub
535 2374 615 2422 eo
663 2374 803 2423 non
838 2375 1060 2444 pauco
1108 2365 1411 2444 tempore
1444 2353 1887 2446 fungebatur.

521 2613 1147 2718 MARTYRIUM
1211 2615 1351 2725 SS.
1424 2615 1803 2718 MARINI
1873 2617 1996 2717 ET
2050 2616 2458 2720 ASTERII

484 2870 565 2916 nx
615 2867 951 2916 msroiuAr.
998 2858 1517 2916 ncctssusncm
1565 2868 1817 2917 nvsmm
1866 2867 2051 2917 muno
2102 2853 2345 2938 7,,(3ΑΡ.
2388 2853 2494 2917 14.

678 2934 1065 3018 nsi-sarmul:
1111 2970 1207 3018 ιο.
1262 2969 1863 3019 cnmsrornonsono
1912 2971 2185 3019 anomali
2234 2973 2334 3021 ει».

357 3128 562 3186 Circa
602 3130 729 3183 262
748 3156 827 3168 —-·
847 3129 946 3184 De
972 3126 1225 3198 prioris
1252 3126 1480 3197 patria
1505 3141 1647 3184 non
1691 3131 2001 3201 constut;
2045 3130 2396 3186 Romanus
2429 3130 2627 3186 alter.

299 3313 340 3400 ξ
404 3315 487 3382 1.
543 3306 795 3378 Iisdem
846 3309 1298 3409 temporibuS,
1351 3329 1515 3378 cum
1552 3330 1682 3398 pax
1715 3308 1786 3377 in
1835 3306 2146 3380 ecclesiis
2194 3309 2453 3397 ubique
2497 3309 2782 3400 vigeret,

213 3397 551 3477 Marinus,
594 3418 775 3466 unus
821 3418 904 3468 ex
953 3396 1062 3467 his
1108 3397 1229 3484 qui
1271 3397 1340 3466 in
1381 3397 1683 3466 exercitu
1725 3402 2034 3468 Romano
2083 3419 2413 3489 magnum
2466 3397 2683 3469 decus
2722 3410 2790 3469 et

214 3487 554 3557 honorem
604 3484 900 3555 fuissent
934 3485 1310 3557 consecuti.
1364 3485 1470 3555 vir
1513 3496 1580 3554 et
1626 3507 1876 3576 genere
1911 3484 2226 3566 illustris,
2283 3499 2348 3556 et
2393 3485 2654 3556 divitiis
2685 3485 2788 3557 Ιὸ-

212 3575 484 3665 cuples,
538 3586 819 3665 propter
864 3574 1340 3645 testimonium
1389 3572 1640 3645 Christi
1689 3579 2053 3644 Caesareae
2084 3573 2509 3644 Palaestinae
2548 3574 2670 3644 tali
2701 3575 2790 3644 de

215 3684 434 3733 causa
467 3661 693 3752 capite
737 3661 1111 3736 damnatus
1155 3660 1309 3732 fuit.
1348 3667 1585 3733 Honor
1613 3661 1896 3750 quidem
1937 3673 2042 3733 est
2086 3662 2245 3732 vitis
2290 3661 2398 3763 (a)
2443 3662 2630 3755 apud
2659 3668 2793 3736 Ro-

217 3770 493 3830 manos,
532 3772 738 3838 quem
788 3750 911 3839 qui
941 3749 1453 3844 adipiscuntur,
1509 3772 1626 3823 eos
1676 3750 2122 3820 Centuriones
2169 3750 2322 3820 fieri
2350 3751 2569 3841 ajunt.
2617 3756 2788 3822 Cum

217 3837 419 3910 locus
467 3849 760 3919 vacaret,
815 3837 984 3908 ordo
1049 3838 1467 3932 postulabat,
1527 3852 1606 3909 ut
1653 3839 1961 3909 Marinus
2014 3860 2094 3909 eo
2141 3838 2502 3930 dignitatis
2561 3839 2791 3931 gradu

215 3927 582 4019 potiretur.
637 3927 979 3997 Marinum
1024 3927 1241 4018 igitur
1286 3926 1376 3998 ad
1426 3927 1617 3998 hunc
1684 3927 2019 3998 honorem
2073 3927 2362 4010 elatum,
2428 3927 2612 3998 alius
2661 3949 2790 4020 pro

219 4014 561 4087 tribunali
606 4037 1040 4107 comparens,
1082 4015 1155 4085 in
1187 4013 1454 4087 crimen
1504 4026 1723 4097 vocat,
1754 4026 1904 4102 tum
1929 4014 2114 4103 quod
2151 4026 2296 4086 erat
2327 4014 2786 4106 Christianus,

219 4114 370 4174 tum
408 4102 597 4191 quod
647 4104 1187 4195 imperatoribus
1227 4126 1365 4175 non
1406 4103 1872 4176 immolasset:
1926 4108 2059 4175 «Ac
2160 4114 2492 4195 ropterea‚
2530 4104 2603 4174 in
2656 4104 2786 4188 uit,

218 4212 300 4262 ex
349 4203 658 4263 veterum
706 4191 942 4286 legum
987 4192 1322 4280 institutis
1369 4191 1474 4278 illi
1523 4213 1661 4263 non
1713 4191 1873 4264 licet
1902 4214 2064 4274 eum
2145 4190 2458 4285 ignitatis
2483 4215 2608 4286 gra
2660 4213 2788 4264 um

273 4346 347 4400 (a)
375 4350 503 4392 Vim
528 4349 711 4401 migne
740 4350 833 4393 tuit
861 4351 913 4396 in
939 4351 1150 4402 Rom
1178 4351 1368 4401 umus.
1396 4360 1494 4403 quo
1524 4351 1610 4403 qni
1637 4351 1851 4396 morati
1876 4351 2056 4399 nuent,
2078 4351 2350 4403 mximum
2366 4349 2526 4393 locum
2542 4350 2793 4398 monum

221 4401 597 4450 centurionum
615 4406 779 4447 ment
797 4405 1030 4456 ‚adepturi-
