3327 4999
733 320 815 385 54
1573 339 1653 385 ΒΕ
1701 338 1759 385 s.
1812 335 2046 386 contra
2092 336 2261 384 vine.
2591 320 2596 331 ‘
2844 316 3075 381 MART.
3121 316 3154 379 6

649 421 847 491 illum
881 421 1329 501 extincturuS,
1372 431 1647 512 repente
1680 421 2096 513 disparebat:
2132 442 2557 508 quamquam
2591 418 2798 491 semel
2840 431 3157 509 repertum

647 521 752 580 est
799 511 1025 580 velum
1075 510 1225 600 ejus
1271 522 1616 592 exustum,
1673 509 1831 581 licet
1877 511 2116 581 nullus
2161 509 2254 581 ibi
2306 509 2547 581 fuisset
2579 509 2783 600 ignis.
2837 506 3157 592 Quaedam

646 620 727 668 ex
775 598 917 670 illis
945 620 1138 669 soror
1176 598 1552 685 aliquando
1586 599 1995 690 imprudens
2028 599 2304 670 intravit
2330 599 2402 668 in
2441 598 2592 700 ejus
2622 598 3016 678 oratorium,
3059 595 3159 664 illa

641 687 1012 757 Dominum
1042 687 1362 758 ardenter
1389 700 1649 769 orante,
1686 689 1991 777 viditque
2021 692 2206 759 tanta
2239 710 2392 758 eam
2425 689 2641 756 nitere
2671 685 3157 777 pulchritudine

641 786 707 845 et
753 775 1162 866 splendore,
1214 788 1291 846 ut
1339 776 1522 847 velut
1567 778 1905 847 exanimis
1953 778 2180 847 statim
2231 777 2430 846 humi
2477 776 2952 847 collaberetur.
3014 780 3158 843 Eam

641 863 884 934 videns
932 864 1155 935 Coleta
1201 865 1271 934 in
1321 886 1402 934 eo
1452 867 1707 936 versari
1752 867 2176 947 discrimine,
2220 866 2509 937 accessit
2547 865 2632 934 ad
2668 865 2885 943 illam,
2921 875 3159 934 etcum

641 953 1075 1044 objurgasset
1117 953 1301 1041 quod
1351 977 1519 1025 ausa
1565 955 1809 1027 fuisset
1853 978 1932 1025 eo
1978 954 2299 1046 ingredi,
2364 976 2522 1023 mox
2568 954 3157 1051 consolatione-re-

641 1040 809 1111 fovit
852 1054 920 1112 et
965 1043 1292 1113 recreavit
1338 1064 1514 1119 eam,
1570 1045 1666 1113 ita
1695 1056 1772 1115 ut
1808 1045 1986 1114 vires
2022 1054 2454 1135 recuperaret
2487 1066 2674 1115 suaS.
2732 1048 2946 1134 Saepe
2976 1054 3157 1111 etiam

641 1130 715 1199 in
765 1131 1087 1221 precibus
1132 1131 1695 1216 ferventissimiS,
1749 1133 2002 1225 spiritu
2047 1134 2116 1203 in
2171 1138 2384 1202 Deum
2433 1133 2828 1214 sublevato,
2895 1131 3035 1200 visa
3075 1141 3159 1198 est

641 1241 683 1288 a
730 1220 1083 1290 sororibus
1128 1220 1332 1290 etiam
1384 1243 1669 1312 corpore
1718 1234 1854 1291 tam
1903 1221 2296 1293 sublimiter
2340 1234 2568 1291 evecta
2616 1223 2688 1290 in
2724 1224 2910 1300 aera,
2951 1231 3023 1289 ut
3059 1239 3159 1309 pe-

640 1306 829 1377 nitus
861 1309 1089 1378 videre
1127 1332 1279 1379 eam
1320 1331 1455 1379 non
1500 1325 1801 1400 possent.
1848 1311 1974 1381 Sed
2010 1322 2075 1381 et
2112 1311 2132 1379 i
2188 1333 2286 1390 sa,
2330 1323 2550 1381 certas
2587 1311 2674 1380 ob
2714 1332 2962 1380 causas
2998 1329 3160 1378 com-

639 1396 846 1488 pulsa
891 1421 931 1467 a
980 1403 1135 1479 Deo,
1189 1397 1529 1469 fatebatur
1574 1422 1647 1470 se
1698 1423 1832 1470 non
1868 1423 2021 1470 raro
2056 1423 2140 1470 su
2227 1399 2550 1490 precibus
2588 1400 2935 1469 intantum
2974 1396 3160 1494 fuisse

640 1508 926 1577 corpore
975 1486 1317 1557 sublatam
1353 1543 1368 1570 ,
1421 1500 1497 1558 ut
1565 1489 1701 1559 sibi
1747 1489 2098 1560 videretur
2143 1488 2414 1560 coelum
2475 1510 2675 1580 posse
2741 1501 3055 1578 tangere,
3114 1505 3160 1553 st

641 1595 898 1645 manus
946 1576 1307 1647 extendere
1353 1577 1704 1649 voluisset.
1933 1662 1938 1667 Ι
3023 1629 3027 1633 -

724 1665 761 1751 ξ
808 1668 971 1736 82.
1024 1665 1396 1755 Praecipue
1444 1690 1599 1737 vero
1634 1672 1849 1736 Deum
1883 1666 2239 1758 deprecari
2278 1666 2539 1737 solebat
2569 1688 2692 1756 pro
2722 1664 2997 1735 miseris
3026 1684 3160 1754 pec-

638 1752 1009 1834 catoribuS‚
1062 1765 1138 1824 ut
1185 1753 1340 1823 illos
1388 1755 1473 1823 ad
1526 1778 1598 1826 se
1643 1767 2088 1825 converteret:
2139 1762 2347 1825 Porro
2396 1756 2575 1824 inter
2623 1754 2882 1825 multas
2932 1751 3162 1822 revela·

640 1840 879 1920 tiones,
933 1864 1107 1929 quas
1153 1842 1487 1914 divinitus
1533 1844 1777 1914 habuit
1819 1857 2010 1935 pater
2039 1844 2553 1923 celeberrimus,
2601 1842 3023 1934 professione
3055 1846 3161 1908 Do-

639 1928 1055 2011 minicanuS,
1111 1931 1437 2022 magister
1482 1933 1879 2005 Vincentius
1925 1934 1998 2015 ’ἃ
2052 1933 2256 2004 etiam
2309 1932 2428 2002 illa
2476 1932 2643 2014 fuit,
2698 1955 2839 2019 qua
2889 1931 3158 2000 Coletam

635 2016 805 2088 vidit
843 2019 912 2087 in
947 2019 1221 2110 spiritu,
1262 2042 1488 2110 genua
1521 2022 1904 2092 flectentem
1937 2022 2317 2103 humiliter,
2356 2035 2421 2092 et
2454 2021 2789 2091 ferventer
2829 2031 3158 2111 rogantem

635 2110 851 2176 Deum
903 2129 1024 2197 pro
1074 2110 1370 2199 peccatis
1421 2110 1849 2197 miserrimae
1896 2111 2117 2203 plebis
2165 2133 2353 2180 suae.
2408 2111 2531 2180 Cui
2579 2110 2693 2179 ille
2743 2110 2845 2179 sic
2897 2127 3157 2205 respon·

633 2194 795 2265 dere
843 2196 1240 2268 videbatur:
1296 2220 1331 2265 «
1384 2200 1560 2282 Quid
1612 2223 1722 2270 me
1770 2199 1870 2270 vis
1919 2200 2163 2283 facere,
2218 2200 2413 2269 filia?
2459 2204 2597 2290 Ego
2641 2197 3063 2286 quotidianis
3094 2193 3160 2262 1l-

635 2282 861 2354 lorum
912 2286 1189 2377 inJuriis
1233 2299 1299 2357 et
1345 2289 1785 2360 contumeliis
1832 2288 2114 2359 afficior.
2187 2288 2505 2372 Quotidie
2551 2288 2655 2358 illi
2704 2310 2817 2358 me
2884 2287 3157 2356 lacerant

634 2385 701 2443 et
729 2373 1153 2466 discerpunt,
1195 2389 1712 2447 contemnentes
1743 2391 2105 2468 praecepta
2133 2399 2307 2457 mea,
2347 2399 2592 2463 meque
2623 2377 3158 2466 blasphemantes

633 2474 698 2533 et
746 2464 1187 2565 abnegantes
1245 2489 1281 2533 »
1330 2471 1611 2557 Propter
1648 2466 1829 2537 hanc
1867 2466 2199 2539 visionem
2233 2466 2416 2537 idem
2450 2466 2772 2557 egregius
2806 2471 3063 2542 Doctor,
3093 2479 3158 2529 ex

631 2551 987 2653 'Hispanus
1034 2556 1219 2625 venit
1265 2554 1335 2624 in
1388 2554 1679 2636 Gallias,
1733 2568 1812 2626 ut
1856 2556 2078 2647 ipsam
2130 2555 2424 2626 Coletam
2476 2556 2823 2625 inviseret.
2880 2560 3158 2637 Cumque

632 2653 812 2712 mter
841 2665 911 2712 se
940 2644 1518 2732 colloquerentur,
1555 2643 1795 2715 multis
1827 2658 1990 2715 sunt
2021 2646 2242 2715 affecti
2277 2645 2533 2715 divinis
2566 2642 3153 2716 consolationibus.

630 2730 774 2800 Alio
825 2743 1128 2823 tempore
1175 2744 1411 2802 orante
1449 2731 1786 2803 ferventer
1823 2734 2047 2804 Coleta
2079 2733 2549 2804 beatissimam
2587 2735 2703 2803 Dei
2737 2733 3154 2804 Genitricem,

628 2831 708 2887 ut
753 2819 939 2910 apud
989 2820 1215 2889 fllium
1264 2841 1472 2890 suum
1522 2844 1647 2912 pro
1697 2822 2098 2893 miserrimo·
2136 2844 2223 2913 po
2277 2823 2394 2892 ulo
2444 2822 2831 2892 Christiano
2894 2823 3159 2890 interce-

630 2906 861 2976 deret:
914 2908 1187 2980 oblatus
1230 2910 1294 2978 ei
1342 2908 1473 2980 fuit
1517 2911 1753 2982 discus
1800 2911 2087 2999 quidam
2118 2966 2133 2993 ,
2190 2935 2232 3002 p
2263 2933 2439 2981 enus
2489 2910 2855 3002 particulis
2903 2907 3153 2981 carnis,

632 3007 983 3083 tamquam
1034 2997 1316 3069 infantis
1364 2998 1435 3067 in
1486 2999 1703 3070 frusta
1751 3000 2059 3071 concisi:
2113 3000 2518 3087 dictumque
2564 3013 2665 3069 est
2723 3000 2871 3069 illi:
2944 3022 2979 3064 «
3034 3000 3159 3092 Quo

630 3097 830 3174 pacto
876 3106 1002 3176 ego
1050 3086 1470 3177 deprecabor
1517 3088 1744 3159 lilium
1780 3111 2010 3159 meum
2055 3111 2177 3180 pro
2217 3089 2350 3168 his,
2394 3090 2517 3177 qui
2545 3088 2855 3176 quotidie
2889 3094 3158 3184 peccatis

628 3185 695 3273 et
741 3172 1104 3246 horrendis
1152 3175 1528 3247 sceleribus
1577 3179 1749 3259 suis,
1804 3189 2146 3265 quantum
2193 3178 2474 3265 quidem
2526 3177 2597 3247 in
2646 3178 2747 3248 eis
2792 3190 2919 3253 est,
2976 3188 3157 3243 etlam

630 3284 701 3330 1n
735 3253 1035 3342 minores
1066 3286 1222 3334 eum
1264 3265 1667 3337 discindunt
1696 3278 1762 3336 et
1792 3266 2134 3338 dilaniant
2164 3266 2563 3358 particulas»,
2601 3288 2809 3354 quam
2856 3267 2995 3336 sint
3024 3263 3151 3336 hae,

629 3371 805 3437 quas
854 3353 1133 3423 cernis?
1175 3377 1211 3420 »
3092 3434 3124 3446 ..

716 3441 753 3526 ξ
799 3444 961 3512 88.
1015 3446 1364 3524 Quantum
1414 3465 1570 3513 vero
1670 3465 1856 3513 reces
1902 3444 2055 3514 e'us
2103 3443 2469 3535 permultis
2515 3441 2935 3534 profuerint,
2981 3461 3058 3509 ex
3086 3452 3158 3530 11³1

628 3549 804 3615 quae
851 3528 1105 3600 dicturi
1152 3554 1422 3614 sumus,
1477 3532 1606 3602 lice
1661 3533 1711 3602 it
1756 3467 2074 3634 intelligi.
2128 3538 2208 3601 In
2259 3555 2437 3622 pago
2474 3530 2777 3619 quodam
2811 3536 3157 3626 Averno-nst

627 3616 734 3685 vir
777 3640 938 3687 cum
987 3642 1197 3689 uxore
1244 3619 1374 3691 fuit
1420 3621 1595 3691 vitae
1640 3621 2071 3692 execrabilis.
2155 3627 2446 3709 Uterque
2494 3621 2706 3713 igitur
2762 3619 2853 3689 ob
2918 3619 3160 3705 flagitia

631 3728 760 3776 sua
806 3709 1141 3797 suspendi
1164 3710 1409 3799 jussus
1440 3723 1564 3780 est.
1603 3710 1742 3779 Etsi
1775 3732 1932 3780 vero
1976 3710 2286 3801 plerique
2318 3732 2559 3780 omnes
2591 3709 2899 3778 dicerent
2930 3706 3159 3800 dignos

627 3815 800 3875 esse,
852 3795 973 3883 qui
1023 3797 1121 3868 sic
1169 3798 1492 3888 perirent,
1545 3809 1613 3869 at
1661 3798 1880 3868 nihilo
1930 3799 2165 3870 minus
2214 3799 2415 3869 multi
2450 3798 2731 3868 illorum
2765 3797 3036 3866 dolebat
3072 3811 3160 3858 vi·

625 3903 800 3984 cem,
854 3886 1150 3955 maxime
1199 3887 1383 3974 quod
1431 3888 1830 3958 viderentur
1873 3901 2058 3958 recta
2106 3887 2449 3979 proficisci
2491 3887 2562 3956 in
2599 3898 2956 3964 tartarum,
2991 3874 3156 3969 quod

627 3984 794 4042 satis
840 3975 1297 4058 ostenderent,
1353 3998 1423 4048 se
1471 3998 1694 4065 neque
1741 3983 1979 4060 Deum,
2032 3998 2256 4063 neque
2304 3989 2583 4068 peccata
2616 3997 2743 4046 sua
2774 3986 3152 4065 agnoscere,

628 4082 753 4130 nec
803 4062 966 4133 ullis
1002 4063 1599 4136 adhortationibus
1636 4088 1717 4136 eo
1756 4089 1957 4157 posse
1989 4065 2268 4148 adduci,
2305 4077 2382 4136 ut
2410 4077 2884 4156 agnoscerent.
2939 4066 3158 4130 vome-

625 4148 794 4251 bant
820 4151 1006 4221 enim
1034 4175 1111 4224 ex
1142 4152 1376 4245 impiis
1454 4155 1800 4227 ectoribus
1830 4155 2038 4226 verba
2073 4154 2496 4236 detestanda,
2542 4172 2965 4245 prorsusque
2995 4155 3158 4218 sata·

625 4259 805 4322 nica,
840 4263 1019 4327 quae
1048 4243 1220 4311 nihil
1248 4177 1463 4326 aliud),
1499 4265 1709 4332 quam
1743 4255 2055 4315 aeternas
2088 4243 2443 4335 gehennae
2479 4244 2797 4313 flammas
2829 4251 3153 4333 mereren-

628 4338 762 4398 tur.
815 4330 996 4400 Vidit
1042 4331 1170 4402 hoc
1217 4332 1640 4404 horrendum
1692 4331 2165 4423 spectaculum
2212 4333 2499 4420 quidam
2539 4343 2823 4402 sanctus
2853 4333 3145 4398 eremita,

678 4447 706 4476 ¹·
735 4447 1082 4491 Celeberrtmus
1102 4451 1146 4492 Β.
1168 4450 1446 4493 Vincentius
1461 4451 1725 4494 Ferret-tus.
1746 4450 1864 4493 vido
1881 4460 1912 4491 v
1929 4452 2041 4502 Apr-
