3327 4999
168 337 278 403 EX
322 336 515 402 JUL.-
548 337 589 403 4
928 378 932 387 »
1007 356 1088 402 nn
1134 340 1193 403 s.
1246 355 1556 405 unAuuco
1601 354 1903 410 nmscoro
2509 337 2630 402 591

167 457 443 526 semper
497 434 833 526 virginem
909 458 1037 538 pro
1106 458 1235 507 sua
1288 436 1637 527 ereptione
1685 434 2170 517 clamantibu3‚
2233 435 2546 535 Hungari
2597 433 2727 520 ,qui

166 535 365 594 erant
395 524 634 595 civitas
665 523 949 607 diaboli,
987 526 1409 595 ceciderunt.
1448 530 1807 615 Comperto
1857 546 2155 612 namque
2186 527 2451 595 Ottonis
2479 523 2727 614 glorio·

169 613 433 684 sissimi
468 618 565 682 Im
623 614 909 684 cratoris
942 614 1263 696 adventu,
1319 618 1609 685 retracta
1656 614 2036 684 obsidione.
2074 613 2348 683 obviam
2399 624 2719 704 pergunt,

166 701 521 789 armisque
602 716 903 773 ecertare
934 704 1386 773 contendunt.
1438 704 1618 773 Inito
1653 702 1941 804 praeli0‚
1981 708 2139 783 Deo,
2182 702 2384 793 juxta
2444 699 2570 770 viri
2607 700 2723 771 Dei

166 790 636 881 praesagium,
682 792 1036 862 victoriam
1107 791 1364 884 populo
1424 793 1810 862 Christiano
1864 792 2187 871 donante,
2238 789 2459 877 multa
2499 789 2752 879 millia·

165 884 659 969 Hungarorum
695 880 1126 951 ceciderunt:
1190 880 1439 951 caeteri
1493 880 1732 971 fugam
1784 881 2252 971 arripuerunt.
2293 884 2478 963 Quos
2526 878 2724 948 Chri-

168 969 553 1039 stianorum
589 970 927 1039 exercitus
960 970 1198 1039 tandiu
1247 969 1595 1039 caedendo
1644 984 2047 1060 persecutus
2084 981 2209 1051 est,
2274 967 2493 1037 donec
2535 967 2726 1058 prin-

166 1057 358 1147 cipes
384 1078 627 1127 eorum
661 1080 818 1127 cum
863 1058 1020 1128 aliis
1067 1059 1307 1129 multis
1349 1081 1491 1128 una
1545 1071 1977 1149 caperentur,
2032 1061 2237 1146 atque
2272 1057 2724 1147 Ratisponam

163 1147 732 1237 perducerentur,
768 1146 892 1216 ubi
925 1146 1011 1215 ad
1069 1147 1526 1239 ignominiam
1588 1169 1754 1218 suae
1813 1147 2038 1239 gentis
2101 1145 2542 1238 postmodum
2603 1168 2722 1215 su-

163 1235 595 1325 spensisunt
647 1234 721 1304 in
780 1235 1060 1306 eculeis.
1123 1237 1244 1306 His
1297 1236 1390 1307 ita
1448 1235 1682 1327 gestis,
1746 1235 2023 1326 praesul
2084 1234 2521 1305 venerandus
2585 1238 2719 1303 Deo

164 1324 238 1393 in
302 1323 630 1393 omnibus
690 1324 947 1414 gratias
998 1346 1236 1416 agens,
1295 1325 1480 1395 velut
1524 1346 1606 1393 ex
1660 1346 1817 1394 arce
1846 1324 2146 1412 quadam
2210 1323 2462 1392 mentis
2493 1323 2723 1413 coepit

167 1412 531 1502 dispicere,
591 1433 671 1482 ac
730 1413 1169 1483 subditorum
1223 1413 1661 1486 necessitates
1720 1425 2170 1501 pertractare,
2234 1433 2369 1481 non
2421 1411 2558 1482 sibi
2610 1434 2724 1482 ra-

165 1512 313 1571 tum
367 1501 780 1583 aestimans,
833 1501 893 1571 si
942 1501 1378 1573 solummodo
1440 1523 1520 1572 ea
1576 1523 1756 1588 quae
1804 1523 1932 1572 sua
1974 1510 2255 1582 essent,
2309 1511 2715 1587 quaereret,

163 1610 591 1676 suorumque
638 1610 885 1659 causas
935 1591 1348 1681 negligeret,
1393 1590 1589 1680 juxta
1646 1589 1823 1659 ill'ud
1871 1588 2210 1681 Apostoli:
2265 1592 2399 1672 Qui
2443 1612 2722 1659 suorum

164 1689 227 1747 et
273 1680 577 1748 maoeime
629 1680 1169 1760 domesticorum,
1230 1702 1465 1749 curam
1511 1702 1642 1749 non
1690 1679 1908 1760 habet,
1959 1680 2160 1769 fidem
2201 1680 2477 1768 neqavit
2526 1688 2590 1747 et
2622 1688 2718 1747 est

164 1768 453 1837 deterior
504 1768 765 1855 infideli
814 1769 874 1857 (1
926 1772 1084 1838 Tim.
1130 1768 1220 1858 v).
1281 1768 1467 1851 Unde
1504 1789 1792 1837 suorum
1833 1767 2399 1857 congregationes
2435 1765 2719 1836 clerico-

164 1877 321 1925 rum
370 1877 547 1943 quae
583 1856 883 1925 hostium
931 1856 1461 1947 depraedatione
1506 1856 1593 1926 ad
1627 1869 1884 1926 tantam
1936 1856 2218 1926 fuerunt
2250 1854 2559 1946 inopiam
2613 1877 2718 1924 re-

161 1944 422 2017 dactae.
475 1955 552 2014 ut
599 1944 682 2013 ad
743 1945 1181 2031 quotidianae
1231 1945 1617 2016 refectionis
1667 1967 1875 2015 usum
1927 1944 2022 2013 nil
2088 1955 2364 2034 possent
2411 1942 2706 2024 habere,

161 2055 394 2104 secum
446 2034 748 2110 retinuit,
785 2056 864 2103 ac
901 2036 1309 2121 inquantum
1365 2034 1604 2124 potuit,
1644 2055 1907 2124 pauper
1938 2033 2085 2124 ipse
2178 2032 2507 2104 raesentis
2535 2032 2713 2101 vitae

159 2122 549 2190 necessaria
600 2123 1024 2211 pauperibus
1056 2123 1488 2193 ministravit:
1541 2136 1606 2192 et
1633 2144 1770 2192 non
1799 2121 2022 2192 solum
2073 2121 2120 2191 il
2156 2123 2237 2202 is,
2277 2122 2395 2191 sed
2444 2133 2511 2192 et
2558 2143 2711 2190 om-

159 2209 371 2279 nibus
403 2232 473 2279 se
523 2211 946 2299 petentibuS,
1003 2224 1205 2301 prout
1262 2212 1525 2292 habuit,
1581 2209 2093 2281 misericordiae
2141 2233 2427 2280 manum
2479 2232 2716 2302 porre-

156 2298 280 2477 Zrit,
307 2299 504 2475 juxt)a
545 2298 715 2368 illud
776 2300 1212 2370 Dominicum
1252 2312 1736 2392 praeceptum:
1802 2301 2001 2370 Omni
2037 2302 2296 2391 petenti
2344 2310 2432 2382 te,
2496 2300 2714 2369 tribue

188 2392 345 2456 Luc.
386 2409 446 2455 vi
488 2442 501 2455 .

251 2478 288 2563 ξ
335 2480 486 2547 16.
539 2480 631 2545 Eo
680 2488 982 2568 tempore
1055 2477 1467 2547 admonetur
1521 2476 1592 2547 in
1643 2475 1925 2557 visione,
1979 2486 2057 2546 ut
2110 2475 2477 2548 ecclesiam
2544 2498 2708 2547 san-

159 2575 306 2634 ctae
366 2565 559 2636 Afrae
604 2566 639 2600 *
665 2620 681 2646 ,
734 2588 910 2652 quae
966 2589 1005 2635 a
1056 2568 1345 2667 paganis
1407 2566 1626 2636 fuerat
1685 2577 2157 2645 concremata,
2208 2587 2348 2634 non
2409 2565 2710 2635 tardaret

156 2675 503 2743 reparare,
583 2676 848 2725 necnon
897 2668 962 2725 et
1010 2657 1331 2746 Simperti
1405 2655 1724 2746 Episcopi
1799 2654 2195 2745 sepulcrum
2244 2655 2428 2741 quod
2487 2655 2700 2724 situm

155 2756 301 2812 erat
337 2744 534 2833 juxta
608 2744 867 2834 gradus
937 2743 1008 2813 in
1059 2745 1268 2815 choro
1301 2801 1317 2826 ‚
1369 2766 1677 2835 congruo
1740 2756 2138 2835 procuraret
2184 2755 2379 2813 tecto.
2435 2748 2525 2812 Ex
2577 2744 2706 2812 hoc

155 2832 382 2922 coepit
431 2834 540 2903 Dei
573 2832 877 2903 famulus
915 2833 983 2901 in
1026 2834 1313 2923 jejuniis
1351 2847 1415 2904 et
1450 2834 1771 2925 precibus
1804 2855 1962 2903 cum
1997 2832 2225 2903 cordis
2258 2833 2691 2913 contritione,

158 2920 314 2991 aliis
361 2943 636 3009 quoque
675 2923 839 2992 viris
900 2922 1239 3013 religiosis
1286 2945 1522 2992 secum
1570 2921 1986 3013 assumptiS,
2038 2943 2110 2991 se
2161 2927 2292 2990 Deo
2343 2933 2641 2990 mactare
2674 2974 2690 3001 ,

158 3010 565 3099 supplicans
612 3009 870 3089 devote,
918 3025 1259 3096 quatenus
1296 3012 1735 3100 omnipotens
1771 3016 1944 3081 Deus
1990 3032 2109 3100 per
2150 3009 2697 3081 misericordiam

158 3118 358 3167 suam
411 3098 814 3188 dignaretur
848 3099 980 3168 sibi
1031 3099 1465 3169 manifestare
1517 3099 1772 3181 locum,
1815 3098 1937 3168 ubi
1985 3100 2460 3170 sanctissimae
2517 3119 2701 3167 mar-

156 3187 324 3273 tyris
374 3209 539 3256 suae
570 3208 821 3276 corpus
845 3199 1022 3257 esset
1060 3187 1515 3269 reconditum,
1554 3187 1655 3257 vel
1688 3188 1745 3257 si
1777 3187 1849 3256 in
1884 3200 2075 3278 parte
2107 3187 2421 3258 orientali
2459 3197 2702 3277 crypta

150 3294 234 3342 eo
269 3273 401 3342 loci
430 3287 607 3344 esset
652 3274 1103 3357 aedificanda,
1159 3276 1279 3345 ubi
1329 3276 1659 3346 suadebat
1716 3276 1780 3345 ei
1835 3276 2147 3347 voluntas
2187 3286 2337 3346 sua.
2392 3282 2478 3344 Er
2525 3298 2565 3344 o
2625 3285 2703 3344 ut

157 3361 494 3432 Dominus
563 3385 799 3432 verum
868 3365 1345 3454 comprobaret
1398 3365 1576 3450 quod
1616 3375 1761 3456 'per
1807 3385 1884 3433 os
1947 3365 2166 3435 sancti
2216 3366 2423 3434 David
2525 3364 2697 3433 ixit:

132 3455 324 3519 -Ecce
379 3453 562 3519 oculi
588 3455 854 3521 Domini
879 3476 1081 3544 super
1125 3455 1346 3543 justos
1379 3464 1442 3522 et
1473 3475 1673 3522 aures
1720 3455 1866 3544 ejus
1915 3454 1986 3522 in
2031 3476 2261 3544 preces
2295 3476 2524 3522 eorum
2554 3454 2694 3542 (Ps,

157 3539 299 3626 33):
351 3550 417 3607 et
465 3539 530 3607 in
567 3539 702 3610 alio
736 3540 905 3622 loc0‚
970 3546 1385 3611 Voluntatem
1434 3543 1810 3610 timentium
1848 3563 1917 3609 se
1960 3543 2166 3630 faciet
2199 3552 2261 3610 et
2294 3543 2700 3631 deprecatio·

153 3652 304 3698 nem
360 3652 587 3697 eorum
626 3632 947 3700 eoeaudiet
994 3631 1133 3720 (Ps.
1180 3631 1364 3719 ¹4⁴0:
1416 3630 1717 3716 quadam
1768 3641 1962 3698 nocte
2011 3629 2079 3698 in
2132 3629 2286 3698 visu
2340 3630 2399 3698 ei
2461 3642 2702 3699 sancta

152 3716 307 3786 Afra
383 3718 707 3807 apparuit
752 3731 817 3787 et
879 3718 1106 3788 locum
1176 3719 1280 3790 sui
1330 3719 1637 3809 corporis
1685 3719 1754 3787 in
1818 3717 2107 3788 ecclesia
2173 3717 2691 3787 demonstravit.

152 3810 470 3897 Cryptam
508 3829 664 3876 vero
696 3807 916 3877 illo.in
971 3807 1116 3878 loco
1164 3809 1312 3877 fieri
1361 3807 1716 3899 prohibuit
1746 3819 2023 3897 propter
2057 3805 2385 3893 reliquias
2425 3819 2699 3876 sancto-

149 3917 334 3975 rum,
376 3895 499 3982 qui
549 3896 690 3966 illic
739 3896 807 3965 in
864 3919 1028 3988 pace
1064 3898 1513 3984 quiescentes,
1562 3897 1931 3965 adventum
1972 3895 2147 3986 justi
2186 3895 2446 3984 judicis
2493 3917 2699 3985 expe-

151 3996 362 4053 ctant.
409 3990 548 4054 Hac
598 3985 1006 4056 revelatione
1049 3988 1432 4078 perdoctus.
1474 3986 1697 4075 coepit
1734 3985 2072 4054 destinato
2112 3986 2300 4074 operi
2333 3984 2698 4075 vigilanter

146 4072 486 4154 insistere,
541 4074 869 4145 ecclesiae
903 4098 1137 4146 muros
1185 4076 1591 4154 instaurare,
1627 4086 1938 4163 cryptam
1974 4074 2475 4144 in‘occidentali
2507 4085 2700 4165 parte

148 4176 593 4231 construere:
635 4187 760 4235 nec
808 4178 1005 4235 antea
1053 4188 1091 4233 a
1143 4164 1373 4234 labore
1406 4164 1717 4244 cessavit,
1761 4163 1980 4233 donec
2028 4162 2218 4233 brevi
2263 4164 2498 4233 omnia
2548 4184 2699 4253 per-

146 4250 319 4321 fecto
369 4252 612 4323 decore
663 4253 1196 4324 consummavit.

198 4417 225 4442 ³⁸·
254 4417 379 4457 Haec
396 4419 469 4458 est
488 4419 531 4459 S.
551 4420 661 4459 Afra
681 4419 964 4467 martyrium
985 4428 1124 4468 passu
1144 4418 1193 4458 in
1214 4419 1565 4470 Augsburgensi
1583 4417 1703 4462 urbe
1724 4427 1846 4459 enno
1867 4426 2010 4465 cccrv,
2028 4417 2190 4469 ibique
2221 4418 2278 4457 ut
2305 4417 2509 4457 Patron·
2525 4413 2698 4455 colitur

140 4468 192 4512 et
210 4469 261 4509 in
279 4472 411 4511 Rom.
434 4472 675 4523 Martyrol.
695 4475 983 4516 memoratur
1003 4474 1078 4515 die
1102 4484 1130 4513 v
1152 4472 1356 4524 augusti.
