3327 4999
694 352 819 417 196
1491 372 1569 417 nr.
1617 371 1673 418 5.
1727 371 2035 420 caesonio
2084 370 2244 418 rara
2747 346 2976 412 MART.
3027 345 3099 409 ⁴2

602 451 729 520 Sed
778 450 942 537 quia
989 448 1466 520 serenissimae
1512 450 1832 521 dominae
1880 463 2018 521 tam
2085 448 2484 541 religiosum
2533 444 2940 517 desiderium
2994 464 3100 511 va-

601 561 812 609 cuum
861 561 1008 608 esse
1056 561 1193 607 non
1247 538 1467 619 debet,
1539 538 1624 609 de
1684 542 1965 622 catenis,
2016 562 2190 627 quas
2252 539 2400 629 ipse
2449 546 2725 607 sanctus
2772 530 3106 625 apostolus

600 628 858 698 Paulus
905 627 973 695 in
1015 627 1190 697 collo
1235 639 1300 696 et
1347 627 1415 696 in
1469 628 1791 699 manibus
1839 629 2146 721 gestavit,
2207 650 2285 696 ex
2333 625 2588 713 quibus
2659 622 2869 691 multa
2914 620 3106 689 mira-

600 718 758 787 cula
803 717 874 784 in
924 715 1178 806 populo
1225 715 1823 799 demonstrantur,
1934 729 2144 787 artem
2196 715 2385 786 vobis
2431 714 2735 801 aliquam
2775 709 3107 810 transmit-

601 817 740 875 tere
788 804 1146 886 festinabO,
1185 804 1245 874 si
1293 818 1517 874 tamen
1566 805 1746 876 hanc
1796 807 1883 876 tol
1918 829 2028 876 ere
2055 804 2363 875 limando
2396 802 2693 871 valuero,
2733 804 2900 881 Quia
2949 797 3104 866 dum

598 893 990 981 frequenter
1034 915 1113 963 ex
1146 894 1406 963 catenis
1437 894 1697 964 eisdem
1747 895 1945 965 multi
1980 895 2283 972 veniunt,
2322 903 2387 962 et
2433 890 2969 961 benedictionem
3001 907 3109 974 pe-

602 995 800 1064 tunt,
860 994 938 1051 ut
987 1005 1231 1073 parum
1285 982 1450 1069 quid
1501 1006 1582 1053 ex
1630 984 1955 1054 limatura
2015 982 2419 1075 percipiant,
2484 978 2745 1049 assistit
2810 975 3112 1074 sacerdos

600 1093 763 1141 cum
812 1069 1001 1153 lima,
1036 1082 1100 1140 et
1146 1071 1498 1159 aliquibus
1546 1073 1935 1162 petentibus
1974 1072 2066 1142 ita
2113 1070 2374 1141 concite
2422 1067 2687 1154 aliquid
2735 1064 2819 1135 de
2872 1076 3112 1133 catenis

601 1160 752 1229 e'us
799 1160 1178 1241 excutitur,
1240 1172 1318 1230 ut
1365 1182 1555 1230 mora
1607 1161 1799 1231 nulla
1854 1162 1964 1233 sit.
2028 1158 2453 1245 Quibusdam
2504 1178 2660 1225 vero
2711 1154 3110 1253 petentibus,

653 1249 725 1318 iu
783 1270 903 1339 per
947 1261 1223 1319 catenas
1269 1248 1456 1339 ipsas
1518 1249 1686 1319 lima
1747 1250 2061 1328 ducitur,
2122 1262 2186 1318 et
2251 1261 2478 1317 tamen
2527 1258 2605 1315 ut
2651 1239 3114 1343 aliquid-inde

599 1350 829 1418 exeat,
893 1359 1028 1406 non
1078 1338 1445 1407 obtinetur.
1493 1361 1527 1405 »
1595 1344 1675 1409 In
1723 1340 1977 1426 quibus
2026 1337 2369 1428 Gregorii,
2437 1334 2796 1404 veracibus
2852 1344 3111 1417 utique,

600 1426 826 1497 verbis
873 1430 1178 1516 apparet,
1230 1426 1388 1513 quia
1441 1448 1658 1513 usque
1715 1428 1802 1496 ad
1858 1427 1977 1497 illa
2025 1439 2332 1516 tempora
2379 1446 2502 1514 pro
2562 1422 2876 1509 reliquiis
2925 1421 3117 1489 bran-

604 1514 813 1583 deum
864 1520 1215 1584 Romanus
1310 1514 1562 1584 ontifex
1608 1516 2018 1597 conferebat,
2081 1536 2240 1584 cum
2293 1512 2646 1603 posteriori
2700 1524 3000 1600 tempore
3044 1503 3122 1606 de

600 1603 903 1673 vestibus
950 1625 1126 1689 quae
1187 1625 1269 1672 su
1375 1603 1573 1673 altari
1630 1604 1849 1675 sancti
1910 1604 2198 1674 Joannis
2262 1602 2333 1671 in
2402 1600 2686 1670 basilica
2749 1604 3119 1668 Constante*

600 1691 811 1760 niana
857 1703 1237 1774 servantur,
1280 1692 1657 1782 particulae
1686 1707 2057 1783 coeperunt
2105 1713 2226 1782 pro
2276 1690 2489 1759 sacris
2538 1687 2855 1776 reliquiis
2901 1697 3122 1777 peten-

600 1779 789 1851 tibus
836 1779 1011 1849 dari.
3075 1859 3087 1872 ⁸

689 1870 725 1956 ἓ
788 1873 930 1942 41.
985 1891 1020 1936 «
1055 1874 1240 1951 Quae
1283 1868 1562 1956 quidem
1621 1882 1837 1940 vestes
1883 1891 2103 1956 usque
2149 1868 2482 1938 hactenus
2531 1865 2740 1935 tantis
2777 1859 3127 1934 miraculis

600 1978 962 2028 coruscare
1008 1958 1407 2048 probantur,
1475 1970 1551 2027 ut
1615 1957 1940 2029 siccitatis
1987 1974 2288 2049 tempore
2336 1955 2516 2025 foras
2562 1975 2919 2033 excussae,
2977 1949 3129 2041 plu-

600 2046 783 2115 viam
845 2045 1230 2116 conserant:
1282 2045 1756 2117 inundationis
1805 2070 1992 2128 vero,
2056 2046 2486 2116 serenitatem
2538 2043 2911 2113 reducunt.
2967 2044 3131 2138 Natu

600 2156 813 2225 super
860 2135 1026 2205 haec
1063 2157 1239 2222 quae
1288 2158 1408 2227 per
1454 2136 1766 2227 singulas
1805 2136 2127 2207 ecclesias
2175 2134 2435 2204 faciunt
2478 2154 2654 2219 quae
2719 2133 2793 2200 in
2845 2143 3135 2200 oratorio

602 2222 852 2293 domus
899 2245 1089 2293 meae
1135 2226 1208 2292 in
1258 2226 1565 2294 Suburra
1614 2224 1903 2315 positae,
1977 2247 2095 2314 per
2157 2246 2272 2293 eas
2321 2222 2650 2292 Dominus
2702 2220 3135 2310 omnipotens

599 2311 855 2391 fecerit,
922 2334 1056 2393 non
1105 2313 1341 2383 celabo
1387 2314 1444 2383 ’ἃ
1516 2319 1743 2404 Nuper
1806 2313 2083 2383 Adriani
2139 2311 2486 2403 pontificis
2547 2323 2862 2399 tempore
2913 2308 3133 2376 visum

556 2399 774 2475 „mihi
805 2413 928 2481 est,
963 2414 1039 2471 ut
1086 2401 1297 2471 altare
1344 2414 1618 2471 sanctae
1669 2402 1782 2470 Dei
1830 2401 2182 2493 genitricis
2215 2400 2461 2469 Mariae
2508 2398 2694 2486 quod
2753 2409 2945 2468 extra
2993 2415 3135 2465 ora-

600 2488 851 2560 torium
901 2490 1116 2560 sancti
1148 2492 1436 2561 Joannis
1484 2490 1553 2560 in
1594 2491 2028 2581 apertissimo
2074 2490 2246 2560 atrio
2283 2489 2604 2580 positum,
2651 2487 2996 2579 congruis
3036 2482 3139 2553 lu-

598 2578 987 2649 minaribus
1034 2580 1356 2650 honorari
1390 2600 1523 2648 non
1575 2593 1857 2670 poterat,
1897 2580 2076 2649 intra
2106 2578 2479 2648 oratorium
2512 2576 2725 2646 locari
2756 2576 3132 2646 debuisset.

597 2670 979 2737 Accersltus
1030 2690 1181 2736 vero
1231 2667 1652 2737 Gaudericus
1687 2668 2065 2740 Veliternus
2112 2667 2232 2755 qui
2266 2667 2495 2736 adhuc
2543 2687 2918 2755 superesse
2966 2660 3143 2731 vide·

599 2767 734 2837 tur,
771 2756 1159 2847 episcopuS,
1211 2779 1372 2825 cum
1420 2756 1700 2845 hymnis
1746 2769 1811 2827 et
1858 2755 2144 2828 canticis
2175 2757 2260 2825 ab
2287 2754 2486 2825 altari
2521 2755 2724 2824 veteri
2767 2750 3138 2845 pyxidulas

600 2844 776 2913 duas
815 2844 1149 2935 sigillatas
1186 2846 1508 2914 excussit.
1545 2850 1846 2927 Quarum
1875 2846 2182 2925 alteram,
2221 2866 2329 2913 me
2360 2844 2800 2933 deprecante,
2842 2840 3138 2911 nimium

602 2932 962 3002 timoratus
1009 2933 1347 3023 aperiens,
1382 2933 1466 3002 de
1514 2933 1653 3002 illis
1705 2935 1978 3015 tunicis,
2018 2946 2355 3021 quantum
2404 2954 2483 3001 ex
2526 2931 3005 3001 similitudine
3033 2948 3146 2996 cu-

598 3020 801 3092 riosis
828 3020 1048 3090 oculis
1079 3021 1294 3111 potuit
1322 3021 1767 3113 deprehendi,
1806 3021 2180 3113 particulas
2212 3021 2486 3112 reperit,
2517 3042 2693 3107 quas
2737 3018 3144 3114 solemniter

600 3109 732 3178 sub
781 3130 952 3178 novo
999 3109 1199 3179 altari
1245 3110 1583 3201 deposuit.
1647 3110 1774 3180 Ubi
1829 3133 1905 3181 ex
1970 3124 2156 3190 tunc,
2221 3110 2397 3180 sicut
2455 3108 2654 3179 multi
2709 3122 2984 3179 norunt
3080 3125 3145 3172 ui

599 3197 829 3267 adhuc
877 3199 1276 3288 superstites
1334 3221 1483 3269 esse
1549 3199 1949 3290 probantur,
2007 3197 2338 3269 divinitus
2397 3220 2728 3268 accensae
2791 3197 3028 3288 lampa
3080 3213 3148 3260 es

601 3285 1026 3373 frequentius
1074 3286 1272 3357 solito
1321 3301 1711 3388 patuerunt.
1757 3294 1922 3358 Nam
1976 3289 2102 3358 ista
2134 3299 2369 3356 octava
2417 3286 2804 3356 indictione
2857 3287 2934 3356 in
2987 3281 3152 3380 heb?

599 3374 898 3444 domada
943 3388 1098 3444 ante
1147 3376 1482 3454 Dominici
1530 3377 1778 3447 natalis
1824 3378 2031 3457 diem,
2083 3399 2241 3447 cum
2294 3397 2418 3444 erro
2468 3397 2677 3465 super
2729 3369 3150 3465 hujusmodi

601 3485 847 3554 parurn
895 3463 1063 3550 quid
1120 3464 1533 3546 dubitarem,
1588 3465 1946 3554 completis
1999 3433 2519 3535 matutinalibus
2569 3464 2894 3553 hymniS,
2963 3483 3155 3532 man-

600 3551 943 3622 sionarius
973 3552 1333 3623 candelam
1381 3553 1684 3623 extinxit.
1722 3560 1938 3637 Quam
1985 3569 2131 3645 post
2156 3574 2514 3644 vesperum
2566 3553 3008 3624 succendere
3038 3571 3153 3619 cu-

600 3641 821 3732 piens,
880 3663 1241 3711 accensam
1298 3643 1568 3733 reperit,
1628 3665 1915 3731 eamque
1963 3666 2034 3713 se
2091 3642 2513 3744 negligenter
2561 3641 2955 3713 extinxisse
3002 3659 3157 3731 per-

600 3729 931 3820 pendenS,
984 3731 1095 3800 dic
1141 3730 1352 3800 altera
1385 3731 1720 3801 solicitius
1755 3754 2038 3822 prorsus
2068 3733 2371 3811 extinxit,
2409 3741 2475 3799 et
2506 3730 2856 3801 obseratis
2879 3729 3152 3821 januis,

600 3818 689 3889 ad
723 3841 1083 3909 vesperum
1131 3842 1591 3891 succensurus
1639 3820 2029 3912 lampadem
2065 3821 2406 3890 remeavit.
2447 3824 2666 3902 Quam
2719 3819 2856 3889 ubi
2905 3815 3161 3887 nihilo·

601 3907 837 3977 minus
884 3929 1243 3977 accensam
1296 3910 1585 4000 reperit,
1643 3931 1725 3979 ex
1779 3910 2195 3980 conscientia
2243 3921 2543 3979 servatae
2590 3930 2630 3977 a
2678 3929 2760 3976 se
2813 3908 3043 3978 clavis
3099 3915 3162 3972 et

601 3995 936 4065 miraculo
969 4019 1105 4067 non
1135 3996 1461 4068 diminuti
1510 3998 1641 4068 olei
1689 3999 1985 4098 profecto
2017 3997 2352 4090 cognovit,
2399 3997 2564 4084 quia
2595 3995 3015 4087 lampadem
3047 3993 3162 4064 ille

601 4084 1050 4155 succenderat
1105 4087 1225 4172 qui
1283 4109 1366 4156 ne
1412 4087 1637 4157 oleum
1687 4109 1760 4155 ln
1808 4111 1887 4158 ea
1934 4087 2187 4157 diurna
2234 4085 2682 4158 succensione
2741 4085 2992 4155 minui
3042 4105 3164 4175 po-

602 4173 865 4254 tuisset,
906 4173 1236 4247 divinitus
1282 4176 1733 4277 ampliarat.»

675 4264 724 4362 fi
780 4266 944 4362 ‚⁴³²-
997 4268 1257 4333 Harum
1304 4264 1580 4351 qu1dem
1633 4266 1943 4345 vestium,
1981 4265 2160 4336 sicut
2198 4267 2463 4354 opinor,
2504 4260 2722 4331 altera
2757 4284 2954 4351 quae
3007 4259 3168 4333 stri-

600 4351 930 4422 ctioribus
990 4353 1283 4424 manicis
1343 4365 1647 4436 constat,
1710 4355 2036 4424 veraciter
2100 4354 2318 4424 sancti
2363 4350 2648 4423 ioannis
2698 4365 2815 4423 est
2871 4351 3160 4422 tunica:

656 4469 682 4496 '¹
711 4468 754 4510 S.
769 4469 965 4510 &oannis
984 4470 1154 4522 Evang.
1172 4469 1333 4512 vestes
1352 4471 1498 4521 signis
1519 4473 1788 4513 coruscant.
