3327 4999
676 351 760 414 50
1098 296 1099 305 ἵ
1517 366 1596 412 ΒΕ
1636 367 1691 413 s.
1746 365 1982 413 cotnra
2031 366 2202 413 vinc.
2624 348 2631 357 '
2786 347 3036 415 MART.
3093 351 3137 414 6

579 447 757 517 clam
820 460 1072 515 tamen.
1119 445 1327 515 dabat
1374 445 1512 515 illis
1565 467 1795 516 secum
1845 445 2205 515 ferendum
2237 446 2426 515 hunc
2472 446 2839 528 annulum,
2893 447 3137 534 sicque

521 583 529 592 ·
581 537 753 607 citra
810 534 1200 625 periculum
1249 547 1466 604 totum
1514 534 1686 604 illud
1740 535 2193 605 conficiebant
2244 535 2395 604 iter.
2466 539 2671 605 Porro
2720 536 2877 604 novi
2928 549 3136 605 testa-

580 624 796 694 menti
845 634 1119 694 sanctos
1177 623 1333 693 illos
1403 624 1750 694 chariores
1798 624 2114 705 habebat,
2168 623 2289 710 qui
2337 623 2638 715 virgines
2711 627 3135 715 permansis-

582 727 773 788 sent:
829 713 900 781 in
951 711 1393 782 matrimonio
1428 713 1694 802 junctis
1742 713 1845 782 illi
1893 714 2116 804 magis
2164 712 2530 803 placebant
2556 713 2680 799 qui
2712 713 2922 783 unico
2970 737 3136 783 con-

574 803 773 895 jugio
820 801 1122 872 contenti
1168 800 1482 873 fuissent.
1518 802 1657 892 Ipsi
1706 823 1979 889 quoque
2030 802 2232 871 matri
2262 823 2428 871 suae
2456 823 2633 890 quae
2665 802 2751 870 ad
2784 803 3135 873 secundas

582 906 682 961 n'u
736 891 864 961 tias
912 902 1312 971 accesserat,
1366 889 1782 976 quandoque
1829 891 1927 961 sic
1976 889 2192 961 fertur
2217 890 2508 962 dixisse:
2547 891 2863 959 «Mallem
2914 905 2978 962 te
3023 913 3135 961 se-

584 915 729 1050 meffl)
770 989 1064 1060 tantum,
1123 1000 1275 1048 mea
1323 991 1560 1061 mater,
1617 980 2010 1070 nupsisse.»
2073 978 2198 1048 Illa
2252 979 2597 1051 blanditer
2645 980 3131 1070 respondente,

585 1069 719 1139 «Si
764 1091 891 1160 ego
937 1067 1025 1137 ad
1084 1068 1333 1137 alteras
1395 1091 1505 1138 me
1554 1069 1833 1157 nuptias
1881 1090 2017 1138 non
2081 1069 2621 1148 transtulissem,
2665 1080 2736 1138 tu
2799 1069 3004 1140 hodie
3062 1070 3138 1139 in

585 1158 852 1228 mundo
901 1180 1037 1227 non
1086 1178 1311 1228 esses:
1354 1180 1389 1223 »
1438 1156 1697 1227 isthaec
1746 1157 2227 1246 subjunxisse:
2296 1181 2332 1224 «
2383 1163 2556 1227 Tum
2605 1180 2762 1227 vero
2824 1163 3004 1228 Deus
3056 1180 3141 1228 ex

584 1246 820 1335 aliquo
867 1269 905 1316 e
954 1245 1364 1337 propinquis
1404 1246 1657 1317 nostris
1707 1268 1816 1315 me
1849 1246 2117 1318 fecisset
2149 1247 2427 1317 nasci.»

674 1338 712 1423 ἓ
777 1338 931 1407 24.
986 1334 1363 1426 Praecipua
1390 1335 1673 1422 quidem
1720 1335 2080 1426 occupatio
2127 1335 2361 1405 beatae
2408 1333 2672 1405 Coletae
2697 1357 2820 1426 per
2856 1357 3137 1405 omnem

584 1423 737 1516 ejus
783 1424 993 1493 vitam
1043 1423 1340 1492 maxime
1388 1424 1786 1494 versabatur
1833 1425 1902 1493 in
1953 1423 2286 1493 ferventer
2319 1423 2690 1504 laudandO,
2730 1424 3138 1494 honorando

584 1526 651 1583 et
696 1512 1122 1583 obsecrando
1171 1517 1325 1581 Deo.
1382 1516 1665 1614 Semper
1709 1512 1920 1594 enim,
1965 1513 2387 1600 ubicumque
2432 1525 2632 1591 esset,
2687 1526 2807 1583 aut
2875 1526 3131 1594 mente,

585 1613 705 1672 aut
753 1623 869 1671 ore
916 1600 1326 1692 precabatur
1373 1606 1766 1681 Dominum,
1823 1602 2136 1671 animum
2188 1624 2391 1671 suum
2443 1601 2527 1670 ad
2579 1601 2776 1671 illum
2812 1602 3135 1693 erigens:

583 1703 704 1760 aut
730 1702 910 1761 certe
941 1690 1299 1780 quippiam
1331 1689 1494 1759 boni
1524 1690 1752 1781 operis
1784 1689 2143 1760 efficiebat.
2182 1695 2365 1759 Inter
2396 1690 2533 1760 alia
2564 1691 2678 1760 Dei
2712 1691 3140 1760 charismata

583 1779 788 1850 etiam
840 1779 1014 1848 illud
1053 1779 1285 1848 animo
1344 1779 1495 1867 ejus
1543 1779 1818 1870 penitus
1869 1780 2286 1869 impressum
2334 1792 2500 1858 erat,
2556 1792 2632 1848 ut
2679 1778 2969 1848 ferventi
3016 1779 3140 1849 de-

583 1867 839 1938 siderio
885 1880 1167 1958 cuperet
1232 1879 1552 1937 accurate
1602 1866 1896 1957 persolvi
1941 1890 2022 1937 ea
2066 1890 2243 1954 quae
2291 1868 2376 1937 ad
2428 1869 2543 1938 Dei
2604 1866 2870 1937 cultum
2923 1869 3140 1959 perti-

586 1970 772 2037 nent,
817 1956 1187 2044 divinaque
1233 1956 1459 2025 officia
1506 1979 1679 2047 puro
1728 1957 1954 2037 corde,
2010 1968 2264 2027 etcum
2305 1969 2597 2027 tremore
2643 1968 2708 2025 et
2756 1958 3142 2027 reverentia

586 2046 848 2147 peragi.
888 2051 1017 2115 Neo
1068 2045 1333 2117 sinebat
1363 2044 1575 2114 ullam
1610 2045 2201 2116 sanctimonialem
2236 2069 2274 2115 a
2302 2045 2556 2116 divinis
2586 2047 2825 2116 abesse
2856 2045 3135 2125 officiis,

587 2155 802 2203 lmmo
850 2135 1057 2204 etiam
1111 2135 1307 2225 prius
1356 2156 1567 2221 quarn
1618 2135 1738 2204 illa
1785 2135 2316 2215 inchoarentur,
2385 2134 2624 2204 adesse
2672 2133 2942 2205 volebat
2989 2156 3140 2204 om-

591 2244 738 2304 neS,
779 2236 857 2293 ut
903 2245 1068 2293 suas
1116 2236 1603 2324 praepararent
1649 2223 1946 2304 animaS,
1977 2245 2113 2311 quo
2163 2238 2440 2314 possent
2470 2228 2600 2292 Deo
2697 2236 2926 2293 ratum
2953 2223 3139 2293 exhi-

587 2311 750 2381 bere
797 2311 1286 2383 ministerium.
1341 2313 1535 2395 Quod
1585 2312 1644 2381 si
1694 2312 1926 2399 aliqua
1958 2336 2040 2381 ex
2070 2312 2211 2383 illis
2258 2312 2490 2383 animo
2520 2313 2592 2382 in
2626 2335 2665 2381 a
2697 2313 2835 2381 iam
2868 2312 3136 2382 infenso

591 2412 711 2470 aut
759 2413 1099 2470 commoto
1146 2413 1344 2481 esset,
1385 2401 1651 2471 volebat
1697 2423 1849 2469 eam
1895 2402 2088 2491 prius
2120 2402 2224 2471 illi
2271 2401 2726 2483 reconciliari,
2781 2401 3141 2471 humiliter

590 2488 676 2559 ab
710 2513 789 2559 ea
824 2490 1115 2581 petendo
1162 2489 1457 2559 veniam.
1513 2490 1840 2573 Quamvis
1887 2506 2115 2562 autem
2164 2491 2314 2579 ipsa
2364 2514 2577 2582 supra
2638 2490 2928 2560 modum
2976 2514 3134 2583 gra-

588 2590 741 2649 vata
784 2591 960 2650 esset
1006 2579 1361 2648 doloribus
1457 2601 1531 2647 er
1583 2580 1759 2648 etuis
1805 2580 1926 2667 qui
1972 2602 2124 2650 eam
2172 2581 2371 2651 facile
2416 2590 2842 2661 excusarent,
2881 2580 2941 2649 si
2989 2580 3137 2649 nol-

589 2667 679 2738 let
724 2669 978 2738 divinis
1028 2669 1354 2737 interesse
1427 2690 1517 2736 au
1570 2668 1751 2749 ibus,
1788 2680 1856 2738 at
1904 2669 2121 2739 nihilo
2163 2670 2394 2740 minus
2423 2668 2638 2738 voluit
2684 2668 2797 2737 die
2828 2690 2911 2737 ac
2939 2682 3138 2739 nocte

588 2778 861 2848 semper
916 2770 982 2826 et
1029 2756 1253 2844 prima
1300 2756 1560 2838 adesse,
1596 2771 1660 2825 et
1699 2769 2045 2848 postrema
2103 2759 2438 2840 recedere,
2473 2758 2691 2828 donec
2750 2769 2990 2827 coacta
3039 2770 3137 2828 est

589 2846 923 2917 divinitus
970 2844 1167 2914 aliter
1212 2866 1285 2914 se
1331 2866 1754 2935 comparare,
1809 2858 2085 2938 propter
2131 2847 2399 2918 dolores
2431 2869 2604 2938 pene
2635 2845 3132 2918 intolerabiles:

587 2935 711 3020 qui
758 2945 985 3002 tamen
1035 2933 1094 3002 si
1128 2933 1553 3004 remissiores
1592 2935 1853 3016 fierent,
1889 2957 2134 3007 rursus
2165 2936 2475 3006 hilariter
2521 2948 2585 3005 et
2631 2934 2952 3005 alacriter
2982 2959 3139 3027 pro·

588 3021 871 3112 perabat
902 3022 987 3091 ad
1028 3042 1469 3092 communem
1520 3025 1632 3092 Dei
1682 3023 1973 3104 cultum,
2012 3025 2156 3094 acsi
2204 3047 2584 3112 numquam
2636 3046 2752 3093 eos
2800 3027 3139 3096 sensisset

588 3111 956 3181 cruciatus.
1014 3116 1087 3179 In
1142 3110 1313 3203 ipsis
1344 3124 1575 3182 autem
1621 3112 1877 3184 divinis
1923 3113 2167 3184 officiis
2206 3114 2525 3183 studebat
2569 3112 2797 3194 corde,
2846 3135 3139 3206 corpore

589 3199 881 3286 totisque
916 3200 1175 3270 viribus
1221 3213 1493 3290 gratum
1548 3206 1679 3270 Deo
1716 3203 1960 3272 offerre
2006 3202 2386 3282 servitium,
2442 3223 2673 3271 vocem
2708 3224 2869 3270 curn
2904 3205 3139 3274 cordis

578 3288 805 3378 jubilo
852 3288 1180 3369 exaltans,
1220 3290 1314 3360 ita
1362 3302 1437 3358 ut
1485 3312 1647 3379 prae
1683 3290 1839 3360 aliis
1887 3292 2184 3363 suaviter
2208 3305 2273 3362 et
2304 3291 2711 3361 mirabiliter
2757 3293 3140 3362 concinens

588 3377 968 3446 audiretur.

670 3468 707 3552 ὅ
776 3471 931 3538 25.
986 3471 1064 3534 In
1116 3465 1622 3537 reformationis
1656 3467 1852 3536 initio
1884 3491 2021 3539 non
2074 3490 2319 3561 parum
2348 3467 2691 3559 perplexa,
2729 3466 2860 3537 fuit
2888 3490 3142 3556 quem-

580 3553 957 3624 admodum
997 3555 1312 3626 divinum
1363 3556 1892 3647 persolvendum
1942 3570 2120 3629 esset
2145 3557 2477 3626 officium.
2514 3557 2919 3627 Continebat
2942 3560 3134 3629 enim

582 3644 865 3734 Regula,
895 3668 936 3713 a
983 3643 1335 3715 sororibus
1369 3668 1504 3715 non
1539 3646 1903 3728 cantando,
1944 3647 2061 3716 sed
2092 3646 2378 3738 legendo
2419 3646 2486 3714 id
2532 3645 2826 3748 persolvi
2853 3646 3134 3718 debere.

579 3733 939 3802 Consuluit
970 3733 1182 3824 igitur
1226 3756 1307 3803 ea
1352 3734 1436 3805 de
1467 3756 1540 3802 re
1571 3733 2069 3806 confessarium
2105 3756 2314 3805 suum
2345 3740 2720 3805 Henricum
2755 3735 2840 3804 de
2866 3737 3136 3818 Balma,

578 3832 643 3889 et
687 3843 849 3890 cum
902 3823 1199 3892 multum
1242 3824 1423 3892 inter
1468 3845 1539 3892 se
1586 3824 2062 3907 contulissent,
2099 3824 2303 3894 ambo
2351 3836 2741 3895 statuerunt
2773 3824 2859 3893 ad
2894 3847 3142 3916 preces

581 3910 1105 3980 recurrendum.
1160 3911 1307 3981 Illis
1363 3912 1576 4003 igitur
1621 3914 2005 3996 orantibuS‚
2068 3913 2298 3984 subito
2344 3914 2581 3985 audita
2627 3925 2730 3983 est
2775 3914 2846 3981 in
2902 3915 3139 3985 medio

492 4045 501 4058 .
578 3997 859 4068 illorum
914 4021 1036 4069 vox
1082 4000 1423 4086 quaedam
1463 4001 1659 4071 valde
1706 4015 1922 4093 grata,
1977 4002 2330 4073 modulata
2366 4014 2434 4072 et
2471 4003 2762 4083 musica,
2815 4014 2884 4072 et
2930 4005 3140 4090 quasi

579 4109 865 4178 prorsus
896 4089 1228 4179 angelica.
1275 4094 1366 4159 Ex
1410 4113 1490 4160 ea
1538 4090 1752 4182 igitur
1801 4090 2267 4162 modulatione
2317 4114 2493 4179 quae
2541 4091 2843 4163 suaviter
2880 4102 2948 4160 et
2999 4105 3142 4162 tra-

579 4177 743 4248 ctim
792 4176 1022 4259 fiebat,
1075 4179 1581 4250 constituerunt
1628 4179 1936 4261 modum,
1989 4201 2126 4267 quo
2175 4203 2447 4251 sorores
2496 4180 2613 4250 Dei
2658 4179 2928 4249 cultum
2979 4203 3142 4272 per-

577 4278 882 4357 agerent.
955 4267 1215 4337 Accidit
1282 4268 1699 4357 quandoque
1755 4282 2075 4340 manente
2137 4269 2260 4339 illa
2318 4270 2388 4340 in
2438 4270 2740 4357 quodam
2791 4283 3144 4340 monaste-

562 4355 700 4438 'ri0,
745 4354 1047 4446 grassari
1095 4355 1238 4426 illic
1284 4368 1585 4448 pestem,
1637 4370 1704 4428 et
1750 4357 2007 4428 multas
2063 4359 2331 4429 auferre
2393 4381 2696 4440 sororeS‚
2761 4358 3135 4449 plerasque

576 4444 701 4515 diu
748 4466 1026 4516 manere
1073 4446 1252 4516 male
1298 4447 1539 4517 affecta
1581 4447 1996 4518 valetudine.
2055 4452 2221 4518 Cum
2271 4458 2500 4519 autem
2548 4449 2752 4519 etiarn
2803 4449 2961 4538 ipsa
2993 4470 3132 4518 non
