3327 4999
260 297 512 363 MART.
566 299 649 362 ⁴3
1116 318 1198 365 nr.
1243 319 1301 366 s.
1352 319 1714 383 nurnRAsn
1761 320 1933 369 vtae.
2587 307 2719 374 277

256 395 739 495 Euphrasiam,
769 396 1278 489 insurgensque
1314 398 1492 468 clam
1524 412 1779 470 contra
1825 399 2017 470 illam
2053 401 2125 471 in
2161 402 2419 484 culina,
2478 405 2596 474 ait:
2640 430 2667 467 ε
2707 410 2810 476 Tu

254 485 559 571 quidem,
597 485 1005 576 Euphrasia,
1041 508 1122 557 ex
1167 488 1589 587 praescripto
1619 488 1945 559 dominae
1973 489 2372 562 Abbatissae
2407 492 2614 563 semel
2651 503 2806 563 tan-

258 584 405 643 tum
435 573 667 643 eibum
695 576 887 666 capis
920 574 992 644 in
1011 588 1427 667 septimana,
1448 576 1633 664 quod
1666 599 1794 648 nos
1827 600 1961 648 non
1990 600 2362 670 possumus
2400 582 2697 670 assequi.
2738 582 2809 652 Si

256 661 470 753 igitur
499 662 619 731 illa
635 684 761 734 nos
807 685 1082 751 quoque
1111 665 1197 734 ad
1247 665 1316 734 id
1357 666 1632 756 adigere
1667 666 1980 748 voluerit,
2017 669 2185 756 quid
2227 669 2643 741 faciemus‘l»
2679 675 2811 741 Re-

259 748 534 840 spondit
555 751 960 842 Euphrasia:
999 754 1333 823 «Domina
1356 777 1568 837 soror,
1602 755 1885 826 domina
1902 757 2256 829 Abbatissa
2267 758 2501 848 jussit,
2523 771 2601 829 ut
2630 780 2808 831 una-

258 861 567 927 quaeque
612 852 955 911 certamen
1005 842 1340 933 suscipiat
1367 865 1490 933 pro
1522 845 1786 915 viribus
1818 900 1836 928 ,
1880 868 2004 916 nec
2047 846 2165 916 illa
2197 848 2370 917 mihi
2405 860 2655 918 temere
2689 861 2809 918 aut

259 928 518 1015 absque
544 931 950 1000 necessitate
986 931 1127 1001 hoc
1161 932 1398 1022 ‘ugum
1436 932 1528 1001 im
1584 934 1791 1004 osuit.
1842 958 1879 1002 >›
1913 935 2016 1004 Ait
2053 935 2158 1005 illi
2190 941 2550 1007 Germana:
2595 959 2630 1004 «
2664 942 2715 1007 Ο
2746 950 2810 1008 te

259 1016 756 1109 impostrieem,
807 1019 999 1089 omni
1045 1043 1125 1090 va
1162 1021 1323 1091 ricie
1361 1033 1426 1091 et
1463 1044 1542 1092 ca
1579 1022 1838 1092 liditate
1867 1024 2312 1095 instructam:
2349 1027 2508 1112 quis
2541 1048 2679 1095 non
2711 1026 2811 1097 vi-

257 1105 411 1175 deat
444 1106 571 1177 hoc
606 1107 839 1177 animo
868 1121 933 1178 et
965 1110 1252 1180 consilio
1287 1123 1350 1179 te
1384 1111 1611 1182 isthuc
1640 1110 1884 1194 facere,
1919 1126 1995 1183 ut
2026 1114 2380 1184 decedenti
2413 1114 2811 1185 Abbatissae

255 1206 327 1264 tu
359 1196 746 1267 succedas?
777 1202 915 1288 Ego
948 1220 1102 1268 vero
1135 1199 1338 1269 credo
1373 1201 1444 1270 in
1486 1201 1856 1284 Christum,
1892 1202 2073 1288 quod
2121 1224 2499 1290 numquam
2532 1217 2594 1274 te
2625 1208 2804 1275 Deus

251 1284 656 1355 Abbatissae
707 1285 963 1355 honore
1008 1287 1434 1378 dignabitur.
1496 1316 1521 1353 ιι
1575 1294 1756 1359 Haec
1787 1312 1947 1359 cum
1990 1290 2362 1362 audivisset
2392 1294 2802 1383 Euphrasia,

251 1373 404 1461 ejus
453 1395 525 1442 se
561 1373 852 1464 pedibus
882 1388 1344 1465 prosternen5‚
1383 1379 1517 1448 ait:
1574 1400 1611 1446 «
1645 1383 1931 1468 Ignosce
1960 1379 2157 1460 mihi,
2195 1380 2476 1451 domina
2517 1404 2691 1463 mea,
2742 1396 2810 1453 et

250 1482 375 1530 ora
475 1483 551 1531 ro
600 1485 732 1545 me;
777 1465 1053 1554 peccavi
1106 1465 1293 1535 enim
1328 1466 1398 1535 in
1434 1471 1644 1537 Deum
1677 1469 1846 1537 etin
1882 1481 2014 1538 te.»
2062 1469 2184 1538 Ubi
2217 1481 2444 1539 autem
2488 1492 2596 1541 res
2635 1471 2805 1541 baec

251 1549 337 1620 ad
374 1484 771 1622 Abbatissae
804 1552 1115 1623 notitiam
1148 1555 1478 1644 pervenit,
1516 1577 1745 1625 coram
1780 1557 2105 1628 omnibus
2126 1558 2338 1649 jussit
2367 1559 2606 1629 adesse
2637 1563 2804 1629 Ger-

249 1660 560 1721 manam‚
621 1640 928 1728 dixitque
981 1643 1085 1710 ei:
1140 1665 1177 1710 «
1228 1643 1486 1714 Ancilla
1527 1667 1823 1732 nequam
1859 1657 1924 1716 et
1953 1645 2179 1717 aliena
2210 1670 2248 1716 a
2285 1652 2439 1729 Deo,
2474 1647 2641 1735 quid
2677 1648 2804 1718 tibi

250 1729 490 1798 nocuit
528 1730 935 1819 Euphrasia‚
974 1742 1050 1801 ut
1081 1732 1230 1822 ejus
1264 1732 1441 1803 bona
1473 1733 1704 1803 studia
1731 1734 1900 1804 velis
1948 1735 2446 1806 interturbare?
2478 1760 2513 1804 »
2563 1742 2803 1825 Itaque

247 1815 478 1886 aliena
526 1817 622 1888 sis
669 1840 708 1887 a
756 1840 1070 1889 sororum
1119 1822 1688 1913 congregatione,
1745 1825 1912 1911 quia
1957 1823 2247 1915 indigna
2298 1848 2371 1895 es
2418 1826 2802 1897 ministerio

247 1917 313 1975 et
359 1928 601 1976 earum
651 1908 993 1977 convictu.
1046 1914 1146 1979 Eu
1201 1909 1433 1980 hrasia
1487 1933 1646 1981 vero
1699 1912 1998 1983 multum
2047 1913 2544 2004 deprecabatur
2585 1915 2805 1984 Abba-

227 1993 516 2078 fissam,
570 2007 645 2065 ut
690 1996 752 2066 ei
804 1997 1073 2067 veniam
1129 1933 1343 2080 daret,
1384 1998 1501 2070 sed
1537 2000 1806 2070 flectere
1839 2022 1987 2070 eam
2023 2024 2159 2071 non
2196 2004 2439 2092 potuit,
2478 2003 2698 2073 donec
2728 2026 2805 2073 e-

244 2082 424 2151 xacti
474 2096 702 2155 essent
750 2084 897 2157 dies
948 2086 1253 2177 triginta.
1309 2088 1687 2177 Trigesimo
1735 2102 1966 2159 autem
1999 2090 2111 2160 die
2143 2091 2383 2161 videns
2416 2092 2805 2192 Euphrasia

248 2193 323 2240 se
375 2171 548 2241 nihil
595 2174 899 2265 rogando
947 2176 1300 2265 proficere,
1355 2199 1720 2247 assumens
1751 2178 2009 2248 Juliam
2041 2193 2107 2249 et
2138 2180 2443 2249 seniores
2475 2202 2624 2269 ejus
2667 2180 2802 2252 loci

250 2280 543 2341 sororeS‚
579 2265 839 2344 orabat,
885 2276 959 2332 ut
1001 2286 1124 2354 pro
1171 2269 1509 2336 Germana
1556 2266 1743 2357 apud
1793 2267 2220 2338 Abbatissam
2268 2269 2791 2340 intercederent.

253 2347 448 2429 Quod
499 2372 654 2418 cum
702 2351 862 2422 illae
908 2351 1251 2437 fecissent,
1304 2355 1659 2425 Abbatissa
1707 2377 1954 2425 rursus
2000 2378 2232 2426 coram
2273 2357 2600 2429 omnibus
2639 2380 2796 2428 eam

254 2437 632 2520 accersivit,
693 2441 923 2528 aitque
972 2441 1113 2511 illi:
1171 2466 1206 2510 «
1254 2449 1490 2514 Nonne
1526 2443 1827 2516 debuisti
1868 2445 2292 2536 perpendere
2347 2467 2510 2516 cum
2558 2447 2797 2517 animo

256 2537 400 2607 tuo,
456 2529 633 2613 quod
685 2531 1069 2619 Euphrasia
1100 2588 1115 2613 ‚
1164 2535 1366 2623 cujus
1416 2534 1714 2624 optimos
1758 2548 2048 2605 conatus
2093 2535 2188 2604 im
2244 2535 2432 2605 edire
2480 2536 2796 2618 voluisti,

254 2636 411 2684 cum
469 2629 644 2688 esset
688 2621 1228 2709 Imperatoribus
1259 2623 1598 2713 sanguine
1620 2625 1891 2713 juncta,
1932 2636 2154 2694 tamen
2239 2624 2585 2694 umiliavit
2624 2646 2796 2708 sese,

250 2712 319 2771 et
366 2703 610 2775 Christi
658 2728 888 2777 amore
942 2709 1067 2778 tibi
1116 2710 1516 2782 inservivit?
1566 2734 1601 2778 »
1656 2712 1956 2782 Tandem
2005 2713 2334 2783 omnibus
2370 2735 2492 2804 pro
2524 2735 2605 2782 ea
2634 2736 2800 2805 sup-

246 2790 464 2881 plices
511 2816 747 2884 preces
794 2796 1190 2868 Abbatissae
1236 2799 1704 2882 offerentibuS‚
1757 2824 1909 2871 eam
1959 2802 2031 2870 in
2080 2802 2373 2892 gratiam
2423 2802 2703 2892 recepit.

334 2883 371 2967 ξ
418 2887 568 2954 13.
621 2889 827 2955 Porro
879 2885 1201 2958 diabolus
1250 2888 1407 2958 odio
1456 2889 1933 2959 inflammatus
1985 2891 2055 2959 in
2100 2891 2581 2982 Euphrasiam,
2633 2913 2803 2976 qua-

241 2967 407 3039 dam
460 2984 655 3042 nocte
708 2973 1189 3063 phantasmata
1232 2989 1297 3046 et
1343 2999 1607 3048 errores
1678 2978 2024 3048 seculares
2084 2979 2156 3047 in
2219 2980 2411 3049 illam
2482 2980 2794 3050 immisit.

239 3062 320 3127 At
367 3058 488 3128 illa
542 3075 818 3152 repente
873 3064 1159 3134 exiliens
1193 3120 1208 3146 ‚
1266 3088 1549 3153 seseque
1599 3067 2042 3159 consignans,
2099 3089 2137 3137 e
2187 3091 2378 3139 ressa
2419 3081 2519 3138 est
2565 3068 2747 3139 foras
2778 3123 2795 3152 ,

238 3159 575 3234 stansque
627 3150 756 3220 sub
803 3150 918 3222 dio
948 3207 964 3233 ‚
1017 3154 1340 3242 expandit
1384 3177 1637 3224 manus
1678 3178 1841 3226 suas
1884 3156 1955 3224 in
2014 3177 2133 3225 coe
2167 3179 2283 3227 um
2317 3211 2333 3239 ‚
2401 3158 2801 3248 rogavitque

238 3240 489 3318 Deum,
542 3250 617 3307 ut
665 3241 752 3309 ab
807 3240 957 3330 ipsa
999 3241 1385 3332 malignum
1440 3243 1846 3314 daemonem
1905 3257 2270 3315 amoveret.
2330 3247 2611 3316 Interim
2667 3247 2797 3316 Ab-

234 3323 545 3395 batissae
593 3328 963 3398 nunciatur
1003 3330 1456 3421 Euphrasiam
1503 3355 1538 3401 a
1593 3354 1706 3402 ere
1751 3333 1883 3405 sub
1926 3333 2067 3403 dio.
2112 3333 2241 3403 Illa
2266 3335 2798 3435 quamprimum

237 3435 321 3484 eo
365 3417 781 3505 properavit,
837 3417 1188 3506 dixitquae
1234 3420 1338 3489 ei:
1393 3425 1525 3490 Con
1558 3434 1763 3490 irmet
1808 3433 1872 3492 te
1921 3427 2122 3503 Deus,
2180 3435 2246 3493 et
2292 3422 2405 3492 det
2454 3423 2579 3492 ubi
2631 3423 2799 3493 tole-

236 3503 544 3573 rantiam
583 3504 653 3573 in
705 3505 947 3576 timore
994 3529 1143 3578 suo.
1197 3511 1450 3579 Omnes
1480 3532 1759 3598 quoque
1799 3532 2066 3581 sorores
2102 3511 2394 3581 orabant
2424 3515 2637 3581 Deum
2670 3534 2797 3603 pro

237 3590 385 3672 illa,
444 3604 511 3660 et
557 3593 1013 3665 condolebant
1041 3597 1391 3687 juventuti
1433 3599 1607 3689 ejuS.
1654 3604 1810 3668 Erat
1855 3600 2040 3669 enirn
2092 3622 2434 3669 annorum
2479 3600 2638 3691 plus
2668 3600 2798 3669 mi-

236 3701 376 3748 nus
420 3680 998 3771 vigintiquinque.
1053 3690 1223 3755 Cum
1272 3698 1504 3756 autem
1549 3687 1619 3755 in
1667 3687 2019 3757 decimum
2063 3711 2285 3776 usque
2315 3687 2498 3757 diem
2532 3689 2633 3760 sic
2664 3700 2799 3760 ste-

235 3768 453 3848 tisset,
507 3771 724 3840 oravit
774 3771 1130 3845 Abbatissa
1182 3796 1343 3844 curn
1380 3775 1759 3856 sororibus,
1811 3776 1961 3866 ejus
1987 3778 2388 3867 patientiam
2421 3776 2655 3848 volens
2685 3800 2798 3848 ex-

237 3857 534 3948 plorare.
604 3863 686 3929 Ut
752 3874 984 3930 autem
1053 3861 1201 3932 dies
1267 3863 1548 3955 triginta
1604 3865 1927 3955 completi
1990 3877 2193 3948 sunt,
2261 3865 2499 3935 mirari
2570 3866 2797 3968 coepit

237 3945 636 4017 Abbatissa:
689 3948 1147 4038 dixeruntque
1205 3951 1267 4020 ei
1320 3975 1629 4023 sorores:
1675 3977 1704 4017 <t
1737 3958 2015 4036 Revera,
2053 3954 2343 4024 Domina
2372 3966 2613 4036 mater,
2646 3955 2797 4027 dies

240 4035 701 4126 quadraginta
752 4037 822 4106 in
882 4037 1011 4108 hac
1055 4040 1344 4111 statione
1394 4063 1800 4132 permanere
1845 4042 2164 4124 decrevit,
2199 4043 2793 4130 quemadmodum

242 4131 317 4220 tu
356 4123 731 4211 aliquando
779 4126 1025 4197 fecisti.
1057 4155 1085 4195 ι
1117 4132 1193 4200 At
1235 4128 1353 4198 illa
1406 4130 1798 4221 respondit:
1837 4153 1874 4198 «
1910 4131 2240 4201 Dominus
2288 4131 2482 4201 illam
2536 4155 2662 4203 suo
2718 4133 2792 4202 in

244 4219 482 4283 timore
553 4216 966 4286 corroboret.
1032 4243 1058 4280 υ
1129 4222 1285 4288 Post
1338 4218 1486 4290 dies
1539 4232 1772 4289 autem
1819 4219 2319 4311 quadraginta,
2374 4221 2579 4290 etiam
2635 4221 2794 4292 aliis

242 4298 547 4390 quinque
591 4303 690 4373 ita
740 4305 962 4374 stetit:
1016 4305 1134 4377 sed
1183 4306 1460 4377 tandem
1504 4308 1803 4378 nimium
1852 4308 2228 4392 debilitata,
2281 4309 2627 4380 ceciditin
2659 4320 2794 4379 ter-

241 4408 410 4474 ram,
461 4401 529 4462 et
580 4391 798 4463 instar
845 4406 1157 4465 mortuae
1188 4395 1485 4485 jacebat.
1547 4402 1788 4485 Itaque
1830 4420 2098 4469 sorores
2137 4408 2600 4479 accurrentes,
2637 4418 2790 4466 eam
