3327 4999
211 323 431 390 MART.
486 326 567 390 ⁴2
1077 346 1156 392 ns
1205 345 1261 392 s.
1316 344 1630 395 eanuomo
1677 347 1839 394 rArA
2521 331 2654 396 2⁴9

204 425 408 514 itaque
452 427 888 498 excellentiae
935 440 1195 498 vestrae
1219 429 1683 520 jussionibuS,
1725 430 1857 511 his,
1886 429 2010 517 qui
2039 430 2111 498 in
2146 430 2384 501 Istriae
2419 433 2740 522 partibus

203 513 405 585 locum
455 527 755 585 vestrum
803 538 1028 673 ἒὲθτθ,
1084 522 1217 587 Deo
1265 530 1565 600 auctore,
1614 530 2024 597 noscuntur,
2059 516 2442 590 districtius
2462 520 2727 610 jubete,

205 614 522 703 quatenus
549 617 616 674 et
645 625 808 694 saep
902 606 1114 674 ictum
1143 605 1421 675 fratrem
1455 617 1766 676 nostrum
1797 607 1885 675 ab
1908 606 2116 675 illatis
2146 606 2503 679 defensore
2531 608 2742 678 mole-

203 692 355 762 stiis.
402 704 466 760 et
508 692 813 779 quietem
863 692 1078 772 illius,
1132 693 1371 763 multis
1417 692 1504 763 ad
1550 693 1968 764 imitandum
2011 693 2465 784 profuturam,
2512 698 2741 767 modis

201 780 501 850 omnibus
551 802 944 870 procurare.
1002 805 1040 849 »
1092 781 1396 869 Denique
1436 787 1727 852 Severus
1762 783 1931 869 quia
1962 783 2049 852 ad
2085 783 2421 853 unitatem
2458 797 2739 856 sanctae

168 868 589 971 ⁸universalis
637 867 978 938 Ecclesiae
1027 869 1252 939 redire
1300 892 1437 938 non
1492 870 1768 950 meruit,
1825 870 1914 938 ad
1965 869 2431 941 scindendum
2461 893 2741 960 quoque

200 976 342 1025 suae
369 957 592 1046 ipsius
617 956 952 1029 dioecesis
985 959 1346 1038 unitatem,
1387 964 1778 1028 Romanum
1816 959 2216 1029 Pontificem
2252 982 2383 1030 sua
2416 960 2741 1030 vecordia

200 1045 566 1114 suscitavit:
635 1045 804 1115 adeo
858 1057 934 1116 ut
988 1047 1076 1115 ab
1136 1046 1286 1134 ipso
1341 1045 1535 1116 illius
1581 1045 1812 1116 obitus
1866 1058 2219 1137 tempore,
2284 1048 2743 1136 Aquilejensis

199 1130 507 1203 dioecesis
556 1133 626 1201 in
676 1132 815 1202 duo
864 1132 1451 1225 metropolitanos,
1509 1133 2018 1204 Catholicorum
2070 1135 2385 1205 videlicet
2422 1154 2488 1205 et
2517 1137 2740 1205 schis-

199 1222 611 1301 maticorum,
665 1221 887 1290 divisa
934 1222 1043 1291 sit.
1098 1228 1328 1308 Neque
1380 1223 1597 1313 potuit
1648 1223 2114 1312 postmodum,
2164 1223 2319 1294 licet
2348 1246 2591 1294 omnes
2620 1247 2737 1314 ge·-

199 1309 497 1379 neraliter
525 1309 613 1379 ad
648 1309 981 1379 unitatem
1015 1310 1099 1378 dc
1129 1311 1504 1380 schismate
1535 1310 2037 1400 repedaverint,
2083 1311 2169 1380 ad
2209 1313 2542 1402 pristinae
2569 1335 2739 1382 con·

192 1395 552 1484 junctionis
600 1398 930 1467 unionem
980 1420 1204 1485 usque
1251 1400 1589 1471 hactenus
1639 1398 2024 1469 reformari.

268 1487 304 1572 5
343 1490 514 1558 39.
569 1486 760 1556 Sicut
807 1485 983 1556 nulli
1031 1486 1441 1557 clericorum
1490 1509 1615 1578 pro
1663 1487 2068 1557 infirmitate
2099 1488 2409 1578 corporis
2450 1501 2732 1576 quarta—

195 1593 331 1643 rum
396 1574 713 1644 subsidia
780 1574 1149 1664 Gregorius
1214 1576 1624 1652 minuebat,
1698 1575 1790 1644 ita
1862 1573 2040 1645 nulli
2112 1577 2521 1667 pontificum
2605 1599 2728 1667 pro

194 1663 606 1753 aegritudine
651 1662 961 1748 qualibet
1007 1663 1521 1732 succedendum
1571 1664 1714 1733 sore
1778 1663 2089 1734 docebat.
2173 1665 2364 1735 Unde
2425 1665 2736 1736 Anatolio

194 1750 929 1841 Constantinopolitano
976 1751 1403 1821 subdiacono
1451 1752 1883 1833 rescribens,
1937 1752 2070 1823 ait:
2132 1775 2168 1819 «
2223 1754 2512 1844 Scripsit
2561 1754 2738 1822 mihi

194 1834 445 1909 dilectio
509 1852 629 1909 tua
692 1839 1087 1928 piissimum
1154 1839 1521 1919 dominum
1574 1852 1887 1909 nostrum
1941 1841 2490 1911 reverentissimo
2539 1841 2738 1910 fratri

194 1940 428 2009 nostro,
468 1928 737 2018 primae
764 1927 1198 1996 justinianae
1221 1928 1454 2019 episco
1507 1950 1569 2007 0,
1605 1950 1733 2018 pro
1757 1928 2194 2017 aegritudine
2219 1929 2488 2029 capitis,
2521 1952 2734 2016 quam

193 2015 450 2101 patitur,
514 2014 910 2106 praecipere
958 2015 1261 2096 succedi,
1319 2037 1403 2085 ne
1469 2028 1732 2085 ortasse
1761 2017 1932 2085 dum
1964 2018 2271 2107 episcopi
2293 2039 2457 2105 Jura
2494 2017 2736 2086 eadem

191 2102 410 2174 civitas
459 2125 601 2173 non
636 2103 864 2183 habet,
898 2103 1082 2188 quod
1118 2103 1321 2183 absit,
1367 2104 1453 2173 ab
1489 2103 1807 2174 hostibus
1839 2118 2110 2194 pereat:
2146 2117 2211 2174 et
2250 2105 2532 2191 quidem
2571 2126 2737 2174 nus-

191 2210 379 2345 guam
430 2197 743 2263 canones
792 2191 1266 2291 praecipiunt,
1320 2204 1396 2260 ut
1447 2213 1569 2282 pro
1629 2191 2066 2281 aegritudine
2111 2193 2437 2282 episcopo
2492 2214 2733 2262 succe-

235 2292 397 2350 atur.
480 2286 560 2349 Et
606 2279 892 2349 omnino
943 2280 1281 2370 injustum
1328 2291 1471 2361 est,
1527 2291 1603 2349 ut
1650 2280 1708 2348 si
1762 2279 2075 2349 molestia
2122 2280 2434 2371 corporis
2482 2280 2727 2359 irruit,

192 2363 427 2439 honore
475 2390 607 2438 suo
656 2366 963 2458 privetur
1009 2382 1352 2458 aegrotus.
1404 2373 1622 2455 Atque
1667 2366 1822 2436 ideo
1872 2367 2001 2437 hoc
2050 2389 2172 2457 per
2217 2390 2343 2438 nos
2379 2368 2534 2437 fieri
2578 2367 2737 2438 nul-

193 2451 439 2530 latenus
491 2467 753 2547 potest,
811 2478 897 2526 ne
947 2470 1303 2547 peccatum
1353 2457 1426 2525 in
1479 2477 1631 2526 mea
1679 2455 1914 2525 anima
1961 2477 2043 2526 ex
2089 2457 2242 2546 ejus
2301 2456 2734 2547 depositione

190 2547 417 2615 veniat.
473 2545 606 2615 Sed
657 2545 1174 2636 suggerendum
1223 2560 1348 2626 est,
1401 2556 1479 2615 ut
1525 2545 1584 2614 si
1632 2546 1717 2625 is,
1770 2544 1894 2631 'qui
1940 2558 2042 2615 est
2090 2545 2160 2614 in
2212 2545 2575 2636 regimine,
2625 2567 2738 2614 ae-

190 2636 410 2720 grotat,
464 2634 904 2724 dispensator
953 2633 1055 2702 illi
1103 2633 1261 2703 talis
1312 2632 1723 2720 requiratur,
1777 2633 1900 2720 qui
1950 2634 2166 2723 possit
2203 2634 2354 2735 ejus
2386 2655 2627 2703 curam
2664 2655 2734 2702 o-

188 2740 400 2794 mnem
450 2744 681 2812 agere,
731 2734 797 2791 et
843 2721 1076 2791 locum
1125 2721 1318 2791 illius
1369 2722 1436 2790 in
1481 2722 1822 2813 regimine
1850 2721 2203 2802 ecclesiae,
2243 2743 2394 2810 lpso
2430 2743 2567 2789 non
2608 2720 2731 2791 de-

188 2811 410 2895 posito,
467 2832 552 2880 ac
583 2811 655 2878 in
687 2810 1000 2880 custodia
1031 2810 1327 2880 civitatis
1358 2810 1670 2899 implere,
1713 2820 1790 2879 ut
1824 2831 2046 2897 neque
2079 2815 2256 2880 Deus
2285 2810 2729 2899 omnipotens

186 2897 580 2981 offendatur,
636 2919 857 2986 neque
903 2898 1145 2966 civitas
1194 2898 1584 2968 inveniatur
1630 2920 1782 2968 esse
1832 2896 2162 2998 neglecta.
2217 2899 2286 2968 Si
2337 2920 2496 2967 vero
2545 2897 2729 2967 idem

186 2987 766 3058 reverentissimus
811 2993 1114 3056 Joannes
1161 2985 1447 3056 sortasse
1495 3008 1619 3077 pro
1671 2986 1984 3057 molestia
2024 3009 2153 3056 sua
2188 2986 2477 3076 petierit,
2524 2997 2600 3054 ut
2640 2986 2728 3054 ab

186 3074 397 3163 episco
449 3086 612 3145 atus
660 3075 919 3144 honore
966 3073 1211 3144 debeat
1261 3096 1542 3154 vacare,
1597 3096 1679 3143 eo
1727 3074 2125 3164 petitionem
2177 3075 2432 3165 scripto
2481 3075 2726 3154 dante,

186 3182 376 3234 conce
425 3162 692 3234 endum
740 3175 866 3234 est.
945 3161 1153 3231 Aliter
1198 3175 1428 3232 autem
1478 3183 1605 3232 nos
1653 3162 1723 3232 id
1786 3161 2009 3232 facere
2064 3185 2189 3253 pro
2238 3162 2736 3252 omnipotentis

187 3251 288 3319 Dei
336 3254 581 3324 timore
626 3250 1030 3320 omnimodo
1079 3271 1215 3320 non
1266 3249 1601 3320 valemus.
1655 3250 1851 3333 Quod
1899 3250 1959 3320 si
2010 3250 2140 3321 hoc
2183 3263 2410 3338 petere
2450 3250 2567 3320 ille
2610 3271 2734 3318 no-

187 3334 411 3419 luerit,
464 3340 653 3427 quod
706 3339 1019 3429 piissimo
1068 3338 1477 3429 Imperatori
1523 3338 1952 3428 complacet,
2003 3339 2339 3426 quicquid
2380 3338 2580 3429 jubet
2635 3337 2732 3407 fa—

185 3445 343 3510 cere,
394 3430 469 3498 in
520 3430 675 3515 ejus
722 3440 825 3497 est
876 3439 1224 3517 potestate,
1278 3427 1458 3496 sicut
1506 3427 1715 3507 novit,
1772 3427 1920 3582 ipse
1969 3427 2346 3518 provideat.
2398 3432 2533 3496 Nos
2581 3438 2733 3495 tan-

185 3517 532 3587 tummodo
577 3517 649 3584 in
699 3515 1199 3605 depositionem
1250 3515 1547 3586 insontis
1596 3537 1733 3585 non
1810 3515 1991 3585 aciat
2037 3515 2464 3606 permisceri.
2535 3513 2732 3597 Quod

186 3621 329 3674 vero
374 3606 527 3697 ipse
574 3604 828 3684 fecerit,
883 3604 942 3672 si
979 3604 1398 3673 canonicum
1430 3617 1556 3684 est,
1602 3605 1994 3689 sequimur:
2033 3604 2093 3672 si
2127 3625 2285 3672 vero
2315 3602 2737 3672 canonicum

189 3709 312 3760 non
359 3707 487 3774 est,
542 3692 958 3779 inquantum
1009 3712 1386 3782 possumus
1435 3692 1585 3763 sine
1631 3704 1914 3782 peccato
1963 3701 2223 3771 nostr0,
2282 3704 2736 3781 portamus.»

262 3782 297 3866 ἓ
341 3785 490 3854 81.
546 3780 997 3851 Pontificibus
1048 3779 1429 3850 voluntarie
1478 3780 1626 3851 suis
1676 3780 2255 3849 renunciantibus
2301 3779 2588 3849 sedibus
2651 3778 2723 3858 ²⁴,

188 3885 606 3940 successores
655 3874 783 3939 Gre
824 3868 1026 3937 *orius
1077 3868 1270 3938 nullo
1311 3867 1516 3937 modo
1548 3868 1957 3957 denegabat,
2002 3888 2256 3954 eosque
2289 3866 2736 3956 postmodum

114 3993 123 4002 ·
187 3950 261 4022 de
320 3958 662 4027 reditibus
727 3978 801 4025 re
834 3956 1004 4026 ictae
1067 3955 1400 4026 ecclesiae
1448 3955 1874 4027 sufficienter
1923 3955 2330 4026 nutriendos
2376 3977 2528 4026 esse
2573 3976 2738 4025 cen-

186 4043 363 4114 sebat
405 4046 607 4136 (Vide
653 4047 791 4115 Lib.
835 4050 919 4126 7,
973 4047 1186 4135 Epist.
1240 4054 1365 4125 49,
1417 4045 1662 4114 Indice.
1719 4043 1813 4133 2).
1870 4043 2102 4126 Quare
2149 4043 2539 4113 Eleutherio
2587 4043 2738 4134 epi-

188 4148 412 4221 scopo:
479 4157 514 4200 «
565 4133 895 4216 Quamvis
943 4134 1135 4202 triste
1184 4132 1386 4201 nobis
1434 4132 1523 4202 sit
1570 4131 1792 4212 valde,
1846 4131 2033 4218 quod
2085 4130 2474 4219 loquimur,
2528 4141 2741 4217 atque

187 4214 471 4291 fraterna
520 4244 648 4291 nos
695 4221 920 4311 magis
966 4221 1449 4311 compassione
1495 4231 1763 4311 urgeat,
1800 4241 2011 4306 quam
2047 4218 2133 4290 de
2172 4219 2430 4291 auditis
2469 4218 2738 4307 aliquid

183 4302 469 4378 diffinire
544 4309 893 4401 permittat
933 4332 947 4376 :
1024 4309 1327 4399 suscepti
1406 4321 1636 4378 tamen
1717 4309 2088 4378 solicitudo
2171 4308 2533 4399 regiminis
2611 4329 2733 4377 cor

230 4423 253 4448 ¹⁸
281 4425 562 4468 Praesertim
584 4427 737 4468 morbi
760 4424 946 4468 coum&
