3327 4999
159 271 383 336 MART.
438 272 519 337 42
692 302 697 307 ·
1026 292 1105 337 nn
1154 292 1210 340 s.
1265 289 1578 339 cancomo
1628 290 1789 336 ΡΑΡΑ
2469 273 2605 346 ,213

153 373 205 442 si
247 371 407 442 forte
454 372 791 441 levitatem
826 373 1130 443 diaconii
1169 374 1278 445 sui
1318 374 1550 443 adhuc
1587 372 1825 463 opinio
1866 372 2159 441 lacerata
2199 393 2335 442 non
2371 391 2685 444 commo-

153 471 266 541 vet,
315 472 378 530 et
425 461 497 529 in
544 461 698 542 hoc,
749 461 929 547 quod
985 483 1121 531 non
1170 462 1546 542 credimuS,
1600 472 1881 551 torpens
1909 460 2227 540 extiterit,
2266 461 2692 551 experientia
2731 515 2736 521 .

153 556 256 617 tua
299 548 489 630 hacc,
527 571 704 635 quae
735 547 1063 630 diximus,
1105 549 1334 633 faciat,
1379 561 1444 619 et
1482 548 1568 619 de
1600 549 1793 619 illius
1827 548 2028 619 nobis
2068 548 2387 639 neglectu
2426 570 2690 619 renun-

151 634 285 705 ciet.
339 659 374 702 »
425 636 690 707 Idcirco
740 641 1110 728 Gregorius
1159 659 1294 709 non
1347 637 1754 739 probantem
1805 636 1989 722 quod
2026 637 2369 727 objecerat
2408 638 2693 707 subdia-

149 744 381 793 conum
430 723 657 795 officio
696 726 1241 880 {ubet-privari:
1293 748 1457 813 quia
1498 727 1700 812 juxta
1754 724 2126 794 canonicas
2189 735 2465 814 patrum
2530 746 2692 795 sen-

151 811 397 893 tentias,
451 813 575 899 qui
620 835 701 882 ca
733 835 1045 883 ummam
1095 813 1357 883 illatam
1397 836 1533 883 non
1578 813 1844 904 probat,
1885 834 2179 903 poenam
2210 813 2413 882 debet
2445 813 2688 883 incur·
2791 876 2798 885 .

152 920 302 980 rere,
338 922 579 987 quam,
618 901 679 971 si
720 902 1099 1001 probasset,
1138 923 1299 973 reus
1350 903 1590 989 utique
1647 901 2041 971 sustineret.
2079 904 2168 970 Ac
2207 916 2331 990 per
2367 901 2498 970 hoc
2526 901 2695 988 quia

153 986 602 1058 subdiaconus
647 1009 909 1059 crimen
958 990 1250 1060 diacono
1299 991 1591 1080 probare
1637 1011 1776 1059 non
1812 990 2055 1079 potuit,
2094 989 2425 1074 quoniam
2469 988 2693 1079 impo-

156 1075 449 1146 sitionem
488 1098 763 1157 manuS,
800 1083 934 1165 qua
970 1100 1201 1148 carere
1232 1079 1589 1168 potuisset,
1627 1100 1764 1147 non
1799 1076 2066 1158 habuit,
2106 1098 2244 1146 non
2276 1076 2683 1159 sacerdoti0‚

153 1164 248 1232 sed
296 1164 523 1234 officio
571 1166 813 1248 caruit,
865 1178 932 1236 et
982 1178 1309 1252 tanquam
1350 1189 1423 1236 re
1462 1188 1620 1235 vera
1651 1164 1955 1241 infamis.
1996 1165 2250 1234 meruit
2290 1166 2692 1235 verberibus

153 1252 479 1350 castigari.
533 1257 700 1323 Nam
741 1254 1062 1324 cui'cum
1115 1254 1340 1325 tribus
1388 1254 1678 1325 testibus
1717 1252 1928 1323 veluti
1959 1253 2137 1323 laico
2169 1251 2692 1340 crimenquod-

150 1337 289 1409 lubet
331 1342 784 1432 approbatur,
838 1364 975 1412 non
1018 1353 1119 1412 est
1150 1343 1432 1425 mirum,
1466 1342 1652 1430 quod
1693 1342 1964 1432 objecit,
2009 1340 2175 1410 dum
2214 1342 2508 1432 probare
2544 1364 2684 1413 non

149 1427 400 1509 sufficit,
458 1430 519 1497 si
567 1429 907 1519 corporali
958 1428 1307 1512 infamiae,
1360 1428 1952 1518 quemadmodum
1995 1429 2238 1511 laicus,
2276 1450 2357 1499 ex
2379 1429 2564 1519 juris
2595 1430 2688 1499 si-

150 1516 525 1587 militudine
574 1517 1012 1675 subjugatur.
1066 1518 1260 1600 Quod
1309 1520 1496 1589 enim
1545 1529 1725 1589 esset
1772 1518 2064 1588 diacono
2130 1518 2423 1608 gradum
2491 1518 2690 1589 amit·

150 1612 285 1686 tere,
335 1605 471 1675 hoc
518 1603 650 1674 fuit
696 1628 782 1675 su
833 1605 1124 1676 diacono
1171 1605 1394 1677 famae
1443 1606 1876 1697 plenitudine
1924 1605 2257 1675 caruisse.

218 1693 251 1778 ἓ
299 1698 460 1765 23.
516 1693 821 1763 Crimina
867 1693 1079 1763 semel
1129 1694 1366 1764 audita
1414 1694 1786 1785 Gregorius
1833 1693 2223 1764 indiscussa
2259 1693 2449 1763 nullo
2484 1693 2689 1763 modo

146 1782 562 1865 praeteribat,
616 1782 885 1851 etiamsi
921 1795 1286 1852 accusatus
1323 1805 1484 1853 cum
1518 1795 1917 1853 accusatore
1948 1804 2073 1852 suo
2105 1781 2394 1851 redisset
2425 1782 2496 1850 in
2531 1804 2689 1872 gra-

146 1865 315 1966 tiam.
368 1874 805 1959 Quapropter
849 1870 1191 1941 universis
1219 1871 1566 1971 episcopis
1599 1871 1904 1941 Corinthi
1937 1870 2270 1951 scribens,
2307 1870 2440 1939 ait:
2487 1893 2523 1937 «
2565 1876 2690 1940 De-

147 1955 360 2051 siderii
411 1957 632 2029 nostri
678 1971 780 2028 est
811 1957 897 2027 ad
946 1958 1389 2028 concordiam
1432 1959 1741 2049 redigere
1770 1958 2148 2039 discordes,
2182 1970 2247 2027 et
2278 1957 2511 2027 unitos
2539 1979 2690 2027 esse

145 2062 205 2110 m
250 2045 466 2134 gratia
512 2067 655 2125 eos,
707 2067 882 2132 quos
929 2046 1188 2118 divisos
1228 2047 1316 2117 ab
1350 2045 1681 2117 alterutra
1713 2046 2081 2116 dilectione
2113 2045 2488 2115 voluntatis
2525 2045 2689 2116 facit

143 2150 275 2229 esse
301 2133 688 2203 diversitas.
727 2134 993 2224 Scripta
1024 2134 1237 2224 igitur
1264 2134 1710 2204 fraternitatis
1738 2146 2000 2203 vestrae
2034 2133 2435 2224 relegenteS,
2473 2156 2689 2223 agno-

142 2238 350 2291 vlmus
396 2220 588 2308 quod
640 2221 709 2290 hi
742 2276 757 2304 ,
823 2222 945 2308 qui
991 2236 1229 2292 contra
1277 2221 1656 2292 Adrianum
1722 2221 1998 2291 fratrem
2065 2233 2130 2290 et
2194 2221 2688 2311 coepiscopum

144 2321 434 2404 nostrum
485 2309 723 2395 aliqua
770 2309 1123 2393 dixerant,
1178 2310 1384 2381 modo
1430 2332 1594 2379 cum
1642 2309 1881 2380 eodem
1934 2308 2259 2399 episcopo
2307 2310 2378 2378 in
2440 2309 2686 2379 amici-

142 2404 287 2463 tiam
334 2398 840 2478 convenissent,
879 2410 945 2467 et
973 2421 1228 2488 magna
1263 2398 1461 2470 nobis
1492 2398 1579 2468 ad
1623 2419 1949 2488 praesens
1982 2396 2162 2467 facta
2189 2409 2292 2467 est
2322 2397 2409 2466 de
2447 2418 2690 2468 eorum

139 2483 377 2555 unitate
409 2484 841 2556 laetitia.Sed
871 2487 1198 2574 quoniam
1234 2511 1337 2570 ea,
1421 2510 1551 2558 uae
1582 2486 1767 2557 dicta
1799 2498 1988 2562 sunt.
2025 2485 2422 2557 indiscussa
2457 2508 2683 2555 rema-

142 2590 284 2669 nere
316 2596 449 2643 non
496 2575 826 2665 patimur,
860 2575 1044 2644 sedis
1072 2587 1344 2646 nostrae
1422 2576 1746 2646 iaconum
1778 2575 1865 2645 ad
1896 2597 1976 2645 ea
2006 2573 2485 2675 investiganda
2519 2573 2688 2644 diri—

143 2679 374 2746 gimus:
423 2663 591 2749 quia
625 2663 935 2733 nunciati
961 2685 1086 2733 nos
1114 2663 1441 2734 facinoris
1471 2663 1770 2820 qualitas
1792 2663 2229 2733 vehementer
2255 2662 2572 2753 impellit,
2608 2674 2689 2732 ut

142 2765 227 2827 ea,
258 2771 430 2836 quae
461 2750 889 2832 audivimuS,
920 2750 1364 2823 dissimulare
1395 2774 1492 2821 nu
1524 2752 1797 2842 latenus
1826 2751 2228 2821 debeamus.
2274 2750 2685 2821 Praesertim

143 2853 279 2903 cum
328 2851 770 2908 accusatores
816 2851 882 2908 et
929 2851 1331 2910 accusatum
1367 2840 1545 2909 inter
1583 2863 1655 2910 se
1686 2839 1928 2911 fecisse
1957 2839 2252 2929 gratiam
2289 2838 2677 2920 indicastis,

144 2917 252 2992 hoc
296 2926 500 2995 nobis
551 2947 828 2996 necesse
873 2940 976 2998 est
1023 2927 1352 2999 subtilius
1400 2927 1844 3018 perscrutari,
1891 2950 1977 2998 ne
2006 2926 2293 2999 fortasse
2323 2948 2564 2997 eorum
2599 2927 2688 2997 sit

143 3027 520 3103 comparata
566 3014 960 3085 concordia.
1013 3020 1201 3098 Quae
1250 3016 1332 3097 si,
1387 3016 1573 3103 quod
1623 3015 1826 3096 absit,
1884 3037 2020 3084 non
2054 3038 2136 3085 ex
2168 3016 2526 3096 charitate,
2564 3015 2684 3086 sed

142 3116 207 3166 ex
252 3103 560 3189 praemio
608 3102 783 3172 facta
832 3104 1233 3184 constiterit,
1282 3104 1529 3194 maj0ri
1562 3103 1693 3174 hoc
1726 3103 2206 3173 emendatione
2240 3103 2700 3194 plectendum.

142 3197 246 3255 est.
296 3194 462 3260 Nam
518 3212 667 3271 nos,
718 3191 840 3279 qui
888 3192 1241 3272 canonice,
1298 3191 1640 3262 revelante
1682 3197 1838 3274 Dec,
1878 3190 2085 3272 mala,
2121 3192 2176 3261 si
2211 3190 2492 3278 quidem
2530 3213 2689 3261 vera

141 3289 305 3357 sunt,
356 3300 670 3348 resecare
718 3279 1200 3368 praecedentia
1246 3279 1682 3363 festinamus,
1733 3280 2180 3350 commissam
2235 3279 2681 3369 postmodum

139 3362 393 3454 culpam
446 3366 601 3435 sine
648 3365 952 3436 vindicta
1002 3367 1195 3437 nulla
1242 3368 1509 3437 ratione
1556 3367 2061 3437 dimittimus.»

206 3452 266 3606 3,
291 3458 442 3527 24.
502 3457 841 3525 Consueta
885 3455 1297 3525 clericorum
1330 3455 1414 3525 sti
1468 3454 1675 3524 endia
1709 3454 1926 3525 nullis
1954 3454 2429 3542 quarumlibet
2456 3455 2683 3545 aegri-

140 3545 203 3604 tu
252 3562 441 3612 mum
492 3542 981 3613 occasionibus
1028 3543 1388 3613 misericor
1443 3543 1727 3613 issimus
1775 3555 1969 3633 pater
2031 3543 2403 3635 Gregorius
2463 3554 2680 3613 retra-

141 3620 343 3698 hebat.
399 3629 596 3700 Unde
643 3630 949 3700 Candido
986 3632 1313 3722 episcopo
1364 3632 1565 3702 Urbis
1612 3632 1860 3701 veteris
1893 3631 2229 3714 scribenS,
2265 3630 2400 3700 ait:
2447 3658 2473 3693 ι
2513 3635 2681 3700 Cum

139 3717 471 3809 percussio
520 3718 925 3810 corporalis,
978 3732 1215 3790 utrum
1265 3741 1390 3821 pro
1438 3719 1851 3811 purgatione
1897 3741 1985 3788 an
2031 3741 2155 3809 pro
2187 3717 2491 3788 vindicta
2520 3739 2685 3788 con—

140 3808 356 3892 ungat,
412 3807 533 3877 Dei
584 3806 653 3875 in
702 3807 834 3878 hoc
871 3807 1225 3898 judicium
1277 3821 1679 3899 ignoratur,
1738 3828 1876 3877 non
1926 3807 2129 3877 debet
2175 3830 2215 3876 a
2264 3806 2465 3877 nobis
2518 3805 2685 3877 addi

140 3884 479 3979 flagellatis
526 3893 831 3976 afflicti0‚
888 3918 972 3966 ne
1022 3918 1146 3968 nos
1194 3896 1468 3987 culpae,
1520 3894 1704 3983 quod
1758 3896 1962 3977 absit,
2018 3895 2280 3964 offensa
2327 3894 2677 3985 respiciat.

140 3975 205 4043 Et
242 3982 399 4079 quia
443 3984 911 4073 praesentium
946 3983 1123 4054 lator
1153 3983 1641 4054 calumniosus
1672 4005 1798 4074 pro
1831 3983 1961 4053 hac
1994 3983 2442 4074 percussione
2515 4004 2683 4053 uam

141 4079 433 4150 sustinet,
488 4084 819 4141 consueta
867 4072 999 4141 sibi
1048 4073 1416 4143 commoda
1462 4073 1551 4142 ab
1598 4070 1891 4141 ecclesia
1936 4083 2164 4141 vestra
2201 4070 2445 4142 asserit
2526 4091 2685 4140 ene-

142 4155 292 4237 gari,
343 4157 604 4228 idcirco
651 4156 1145 4230 fraternitatem
1193 4173 1385 4230 tuam
1431 4159 1913 4250 praesentibus
1943 4160 2305 4229 hortamur
2337 4180 2375 4229 e
2429 4157 2673 4240 istoliS,

140 4255 459 4341 quatenus
509 4245 683 4314 nihil
730 4267 890 4316 eum
939 4248 1025 4316 ad
1078 4248 1524 4349 percipienda
1572 4269 1752 4334 quae
1785 4260 2118 4318 consueta
2150 4259 2337 4328 sunt,
2376 4181 2542 4316 baec
2572 4266 2685 4315 ae-

142 4333 393 4411 gritudo
440 4333 686 4404 debeat
730 4334 1091 4425 impedire.
1147 4336 1329 4418 Quia
1375 4336 1669 4408 diversis
1719 4336 1790 4405 in
1839 4335 2146 4407 Ecclesia
2185 4334 2673 4415 militantibuS,
