3327 4999
606 368 693 434 30
1270 385 1350 432 nr.
1397 385 1452 432 s.
1508 379 1937 432 CRUNEGUNDA
1981 382 2115 429 nn».
2169 381 2339 428 vmo.
2742 363 2989 429 MART.
3050 364 3090 428 3

418 542 423 555 ,
517 490 896 560 agnoscere
952 467 1221 558 poterit.
1276 466 1860 559 «chunegundis,
1918 464 2155 534 divina
2201 464 2721 555 dispensatione
2771 465 2917 536 solo
2968 487 3098 535 no-

525 558 716 628 mine
762 557 1192 651 Imperatrix,
1246 555 1636 647 specialiter
1684 554 1971 623 dilectae
2019 553 2534 643 congregationi
2588 553 2658 622 in
2709 552 3052 644 Confugia
3083 609 3098 635 ,

520 645 859 734 quicquid
898 645 1131 735 justae
1184 644 1504 713 convenit
1559 642 1961 713 dilectioni:
2030 642 2354 730 Propriae
2401 641 2834 711 adversitatis
2883 642 3098 711 sarci·

523 756 688 803 nam
736 732 981 821 (veluti
1019 731 1339 820 aestimo)
1366 731 1641 801 facilius
1692 730 2080 810 tolerarem,
2133 730 2193 799 si
2244 741 2501 799 vestras
2551 750 2659 798 res
2708 728 2933 799 salvas
2982 729 3093 799 in-

528 821 982 909 columesque
1050 820 1339 889 existere
1414 819 1741 889 viderem.
1803 818 2131 901 Quamvis
2191 817 2381 887 enim
2431 839 2629 889 mens
2698 817 3106 907 procellosis

527 930 855 980 curarum
905 908 1237 979 fluctibus
1284 908 1595 995 undique
1625 907 2000 995 quatiatur,
2044 917 2307 976 vestrae
2337 919 2567 975 tamen
2603 904 3106 977 recordationis

528 1018 786 1068 ancora
831 1019 870 1066 a
917 996 1147 1068 cordis
1181 995 1648 1086 profunditate
1683 1016 1820 1064 non
1850 993 2191 1064 avellitur.
2247 999 2325 1064 Et
2365 993 2522 1064 licet
2558 994 2762 1084 longe
2797 1007 3107 1064 remotae

529 1085 619 1155 ab
666 1084 890 1154 oculis
942 1085 1129 1166 sitis,
1184 1084 1272 1153 ab
1333 1085 1567 1153 animo
1630 1096 1861 1153 tamen
1913 1103 2259 1169 nusquam
2333 1081 2687 1151 recedetis.
2739 1082 2907 1165 Quis
2977 1103 3107 1151 nos

529 1171 880 1264 separabit
924 1195 965 1243 a
1011 1172 1344 1242 charitate
1392 1171 1698 1242 Christi?
1751 1176 1963 1242 Casus
1993 1170 2275 1252 doloris,
2320 1191 2408 1239 an
2459 1168 2937 1261 longinquitas
2989 1191 3102 1240 re-

531 1260 908 1331 motionis?
955 1260 1347 1343 Quinetiam
1419 1260 1480 1331 si
1529 1260 1826 1330 amissae
1900 1258 2249 1329 facultatis
2318 1279 2494 1329 usus
2557 1257 3097 1339 concederetur,

533 1348 857 1419 voluntas
914 1348 1085 1418 haec
1131 1347 1362 1438 operis
1435 1347 1857 1419 exhibitione
1914 1346 2506 1437 comprobaretur.
2575 1352 2819 1436 Ipsum
2871 1357 3105 1416 tamen

535 1436 892 1529 modicum
933 1435 1116 1523 quod
1150 1436 1380 1506 adhuc
1411 1441 1544 1506 Deo
1573 1437 1839 1506 volente
1872 1434 2218 1522 reliquum
2259 1446 2594 1516 tenemuS‚
2621 1445 2882 1503 vestrae
2913 1455 3110 1503 com-

535 1524 904 1595 monitioni
952 1524 1259 1594 alienum
1308 1546 1459 1596 esse
1506 1524 1860 1604 nolumuS,
1905 1535 1983 1593 ut
2030 1523 2557 1613 participatione
2605 1521 2961 1613 parvitatis
2991 1544 3103 1591 re-

533 1613 797 1684 veletur
845 1612 1253 1703 magnitudo
1285 1613 1690 1682 devotionis».
1724 1617 1933 1681 Mater
1980 1632 2302 1697 namque,
2353 1610 2412 1679 si
2461 1632 2710 1701 parum
2745 1610 3093 1692 habuerit,

536 1723 789 1791 parum
837 1699 1005 1772 filiis
1051 1701 1314 1770 tribuit.
1369 1705 1538 1770 Ecce
1586 1701 1755 1770 haec
1804 1698 2062 1768 modici
2136 1711 2458 1788 sumptus
2531 1698 2955 1767 munuscula
3012 1698 3104 1768 ad

534 1787 973 1860 resectionem
1023 1788 1218 1859 vobis
1275 1788 1647 1858 mittuntur
1692 1788 1971 1869 carniS‚
2023 1798 2103 1857 ut
2158 1786 2463 1856 animam
2533 1785 2828 1855 senioris
2885 1787 3108 1886 patris

533 1877 741 1948 vestri
789 1877 1120 1948 continua
1167 1876 1499 1947 orationis
1546 1875 1882 1945 alimonia
1925 1874 2291 1946 reficiatis:
2350 1874 2682 1961 quoniam
2726 1886 2821 1944 tot
2873 1885 3110 1965 Justo-

533 1987 695 2035 rum
744 1986 982 2056 preces
1015 1965 1441 2034 unanimiter
1480 1964 1943 2045 continuatae,
1999 1962 2180 2054 apud
2228 1967 2443 2033 Deum
2479 1961 2777 2032 multum
2808 1974 3107 2052 possunt

536 2052 895 2143 proficere,
953 2053 1210 2123 Jacobo
1259 2064 1652 2122 attestante:
1709 2051 2001 2121 Multum
2052 2050 2227 2121 valet
2272 2049 2663 2141 deprecatio
2702 2050 2876 2137 justi
2924 2052 3107 2120 assi-

534 2140 701 2210 dua.
737 2140 860 2210 Ille
905 2140 1113 2210 etiam
1161 2150 1366 2228 atque
1403 2141 1609 2210 etiam
1650 2141 1889 2230 justus
1934 2140 2271 2209 Dominus
2308 2140 2431 2225 qui
2468 2138 2778 2228 justitias
2825 2137 3120 2219 dilexit,>

535 2229 950 2316 aequitatem
999 2228 1531 2319 supplicationis
1578 2228 1909 2297 exaudire
1956 2249 2094 2297 non
2130 2228 2436 2317 respuit:
2491 2226 2609 2295 sed
2658 2227 2853 2297 vobis
2895 2226 3102 2296 inde-

539 2316 740 2387 fessis
787 2316 1401 2397 intercessoribus,
1454 2315 1839 2406 supradicti
1903 2315 2098 2385 chari
2177 2315 2582 2385 memoriam
2641 2314 3102 2396 facientibuS,

535 2403 781 2475 salutis
829 2404 1021 2475 dabit
1070 2405 1459 2496 praemium
1512 2402 1697 2490 quod
1750 2404 1899 2494 ipse
1948 2404 2305 2494 promittit,
2358 2404 2636 2473 dicens:
2691 2406 2823 2485 Qui
2867 2425 3098 2493 perse-

532 2496 871 2564 veraverit
897 2517 1111 2585 usque
1148 2495 1220 2562 in
1264 2496 1488 2584 finem,
1529 2494 1637 2562 hic
1673 2495 1907 2562 salvus
1946 2494 2074 2563 crit
2118 2492 2388 2583 (Macth.
2438 2490 2530 2579 x).
2584 2495 2797 2578 Atque
2830 2489 3100 2561 bonum

536 2603 716 2672 opus
754 2581 824 2650 in
875 2592 1253 2672 conspectu
1298 2581 1502 2650 etiarn
1556 2581 1675 2651 Dei
1725 2580 2058 2671 placitum
2119 2601 2270 2650 esse
2316 2580 2639 2661 cernitiS,
2695 2578 2754 2649 si
2804 2600 2941 2648 non
2994 2601 3110 2650 so-

535 2668 682 2738 lum
719 2691 844 2760 pro
894 2668 1034 2738 illis
1080 2669 1203 2756 qui
1243 2669 1314 2736 in
1348 2668 1480 2738 hac
1519 2669 1656 2738 vita
1705 2670 1952 2760 positi,
2008 2669 2225 2738 multa
2278 2669 2473 2738 vobis
2521 2669 2739 2738 bona:
2795 2667 2912 2736 sed
2976 2689 3109 2757 pro

534 2756 677 2827 illis
725 2758 934 2827 etiam
983 2757 1104 2843 qui
1141 2756 1337 2825 nulla
1380 2755 1712 2838 fecerunt,
1752 2757 2129 2827 oraveritis
2170 2756 2464 2827 Obsecro
2504 2778 2691 2848 erg0,
2745 2766 2824 2826 ut
2869 2777 3031 2825 eum
3066 2779 3113 2826 ει

533 2844 863 2915 cordibus
914 2844 1158 2915 vestris
1207 2867 1593 2932 numquam
1645 2845 1988 2936 abjiciatis
2035 2844 2155 2932 qui
2207 2866 2327 2915 vos
2376 2856 2732 2932 tamquam
2784 2844 3110 2934 proprias

535 2933 815 3013 amavit,
872 2943 1077 3018 atque
1123 2931 1313 3002 hunc
1360 2932 1590 3003 locum
1643 2947 1865 3004 vestra
1924 2934 2246 3003 servitute
2294 2934 2539 3002 florere
2586 2931 2824 3001 voluit.
2880 2937 3112 3001 Estote

535 3041 814 3108 quoque
854 3041 1050 3090 meae
1110 3022 1537 3092 necessitatis
1586 3044 1953 3102 memores,
2009 3043 2284 3111 semper
2330 3021 2401 3090 in
2452 3021 2798 3090 hilaritate
2867 3018 3106 3092 cordis

534 3107 1044 3190 misericordes,
1096 3110 1484 3180 secundum
1535 3109 1712 3180 illud
1762 3109 2097 3201 Apostoli:
2155 3112 2437 3180 Dz’lectz'o
2468 3111 2612 3179 sine
2659 3109 3102 3178 simulatione

532 3197 751 3284 (Rom.
803 3197 947 3287 xn).
1001 3203 1275 3268 Necnon
1310 3211 1574 3268 vestrae
1605 3209 1872 3269 mentes
1917 3198 1989 3266 in
2020 3196 2395 3286 quamdam
2432 3208 2713 3267 mutuae
2743 3196 3107 3266 charitatis

534 3284 949 3355 soliditatem
1002 3287 1227 3377 magis
1273 3308 1354 3357 ac
1402 3286 1628 3376 magis
1676 3298 2146 3367 concrescant,
2200 3297 2545 3373 quatenus
2594 3285 2663 3353 in
2714 3284 2827 3352 die
2879 3284 3104 3353 tribu—

536 3371 817 3442 lationis
864 3373 1236 3444 clamorem
1287 3386 1592 3446 vestrum
1628 3375 1854 3467 ipsius
1887 3396 2091 3444 aures
2138 3374 2524 3459 exaudiant·
2543 3372 2663 3460 qui
2714 3372 2919 3442 dicit:
2981 3373 3111 3443 Ubi

535 3461 667 3530 duo
712 3465 823 3531 vel
852 3473 985 3531 tres
1017 3465 1414 3553 conqreqati
1438 3465 1697 3552 suerint
1735 3465 1809 3531 in
1837 3465 2102 3532 nomine
2126 3485 2292 3542 meO,
2335 3464 2407 3531 in
2430 3462 2648 3530 medio
2691 3484 2920 3531 eorum
2945 3483 3103 3530 sum

531 3549 824 3638 (Mami.
878 3550 1107 3640 xv111).
1162 3550 1354 3633 Quod
1405 3573 1525 3621 vos
1573 3551 1765 3620 omni
1837 3550 2042 3620 modo
2118 3549 2495 3640 promereri
2542 3549 2801 3629 hortor,
2855 3547 3107 3619 eodem

534 3649 924 3728 praestante
978 3638 1102 3725 qui
1146 3660 1307 3708 cum
1357 3644 1554 3710 Patre
1598 3650 1667 3709 et
1723 3638 1987 3728 Spiritu
2051 3643 2299 3708 Sancto
2355 3638 2518 3708 vivit
2576 3649 2642 3707 et
2688 3650 2931 3728 regnat
2979 3657 3109 3727 per

532 3726 768 3796 omnia
815 3726 1050 3798 secula
1097 3725 1516 3809 seculorum,
1552 3731 1839 3797 Amen.»

618 3815 656 3970 Ῠ
700 3819 788 3887 ὅ.
843 3815 1147 3902 Denique
1194 3814 1504 3884 Conrado
1553 3814 1691 3884 sibi
1738 3814 2146 3885 succedente
2179 3813 2249 3883 in
2303 3835 2540 3905 regno,
2576 3815 2731 3905 ipsa
2768 3812 2959 3883 curis
2992 3835 3102 3885 se·-

531 3923 619 3972 cu
651 3903 889 3973 aribus
920 3959 936 3985 ,
991 3904 1173 3974 sicut
1207 3902 1487 3994 jamdiu
1557 3902 2087 3986 desideraverat,
2157 3914 2524 3973 exonerata
2554 3957 2569 3984 ‚
2613 3903 2762 3994 jam
2827 3902 2898 3970 in
2948 3901 3110 3991 ipso

529 3992 1003 4062 anniversario
1034 3991 1148 4061 die
1200 3991 1533 4063 transitus
1583 3996 1647 4062 S.
1704 3991 2006 4073 Henrici,
2071 3991 2628 4081 archiepiscopos
2682 3990 2771 4060 ad
2821 3990 3110 4059 dedica-

529 4079 783 4149 tionem
834 4079 1315 4170 Confugiensis
1363 4079 1695 4149 ecclesiae
1725 4080 2162 4150 convocavit:
2193 4080 2319 4149 ubi
2367 4080 2547 4149 inter
2576 4079 2947 4149 Missarum
2989 4099 3109 4148 so-

529 4168 789 4239 lemnia
823 4168 1168 4259 imperiali
1201 4167 1687 4237 decentissime
1733 4169 1926 4238 omni
1973 4178 2226 4238 ornatu
2272 4166 2482 4249 culta,
2515 4180 2671 4237 ante
2713 4166 3107 4258 principale

530 4255 743 4327 altare
792 4257 983 4348 virgo
1031 4261 1164 4325 Deo
1198 4256 1441 4326 devota
1488 4257 1844 4346 processit,
1899 4257 2139 4344 ibique
2191 4257 2597 4326 thesaurum
2652 4256 3103 4344 incompara-

527 4345 765 4427 bilem,
799 4345 979 4435 ligni
1035 4343 1351 4415 videlicet
1413 4344 1754 4413 Dominici
1801 4367 2441 4435 crucem-parvam
2482 4343 2766 4432 quidem
2816 4343 2889 4411 in
2949 4364 3103 4412 ma-

530 4434 746 4517 teria,
824 4432 943 4503 sed
1011 4431 1385 4503 maximam
1452 4432 1525 4501 in
1583 4433 1835 4503 virtute
1900 4433 2170 4503 Domini
2235 4432 2508 4504 obtulit.
2575 4437 2654 4502 At
2716 4431 2841 4503 ubi
2902 4428 3108 4502 lectio
