3327 4999
675 352 804 417 548
1164 368 1243 414 nn
1291 368 1383 414 ss,
1436 367 1616 426 JONA,
1672 368 2049 416 nAaAcmslo
2099 369 2173 414 nr
2223 366 2396 416 socc.
2448 367 2564 413 mn.
2752 348 3003 414 MART.
3061 351 3158 414 29

590 475 955 544 permanes
1003 451 1373 523 obstinate?
1405 477 1441 518 »
1497 453 1875 543 Respondit
1923 464 2208 523 sanctus
2253 459 2505 521 Jonas:
2575 475 2602 514 ι
2653 451 2803 520 Scio
2858 451 3151 521 fratrem

592 565 825 612 meum
866 542 1247 640 abnegasse
1278 541 1632 611 diabolum
1684 554 1751 610 et
1796 564 2037 611 omnes
2067 540 2350 610 anoelos
2379 541 2553 629 ejus,
2602 560 2813 625 seque
2848 540 3153 629 perfecte

590 630 856 700 Christo
888 634 1176 698 Domino
1209 629 1632 699 addixisse.»
1661 653 1808 697 -«
1845 636 2103 709 Nonne,
2139 597 2464 697 dixerunt
2493 633 2847 717 Magorum
2880 629 3153 718 princi-

591 741 747 808 peS,
803 718 1029 808 magis
1076 718 1350 806 expedit
1399 719 1563 799 tibi,
1617 733 1695 789 ut
1743 742 1779 788 a
1833 724 1963 788 Deo
2016 731 2133 787 tuo
2181 715 2501 796 deficiaS,
2548 737 2756 801 quam
2809 728 2887 785 ut
2934 716 3151 785 vitam

589 806 960 877 amittas‘P»
998 806 1376 894 Respondit
1426 820 1709 879 sanctus
1753 809 1999 876 Jonas:
2035 830 2068 871 «
2113 811 2163 875 O
2193 805 2379 874 caeci
2427 818 2491 872 et
2539 803 2758 883 stulti,
2797 805 3153 890 quomodo

591 916 708 965 vos
750 916 905 965 esse
955 894 1329 983 prudentes
1360 896 1726 984 jactitatis?
1774 895 2172 985 Expendite,
2229 914 2510 979 quaeso,
2555 914 2677 981 pro
2714 906 2939 961 vestra
2977 915 3152 982 pru⁴

590 983 824 1052 dentia
875 982 1252 1051 veritatem.
1307 988 1449 1052 Non
1502 996 1722 1074 potest
1772 984 2017 1063 homo,
2071 983 2191 1069 qui
2242 982 2549 1051 triticum
2600 980 2807 1050 habet
2866 980 2937 1049 in
2988 981 3151 1051 hor-

587 1092 704 1139 reo
755 1070 1216 1151 reconditum,
1270 1083 1334 1140 et
1375 1085 1598 1141 servat
1648 1071 1847 1158 illud,
1885 1071 2204 1158 quamvis
2252 1083 2317 1140 et
2364 1068 2645 1149 imbreS,
2699 1081 2765 1137 et
2814 1070 3028 1151 nives,
3083 1082 3151 1138 et

587 1157 911 1239 fulmina,
963 1171 1030 1229 et
1077 1159 1381 1247 reliquae
1430 1160 1610 1230 aeris
1658 1160 1955 1250 injuriae
2005 1159 2301 1249 vigeant,
2357 1156 2489 1229 sibi
2530 1169 2936 1246 temperare,
2968 1159 3141 1243 quin

586 1248 823 1337 ipsum
866 1247 1173 1316 triticum
1211 1260 1463 1329 sumat,
1516 1260 1581 1318 et
1629 1249 1958 1317 manibus
2008 1248 2155 1317 suis
2201 1246 2275 1314 in
2326 1257 2576 1315 terram
2619 1244 2857 1334 jaciat.
2905 1251 3148 1335 Sperat

565 1334 777 1403 -enim
825 1356 906 1403 ex
972 1335 1238 1404 semine
1288 1337 1393 1405 exi
1448 1357 1535 1405 uo
1583 1359 1656 1406 se
1704 1337 1951 1406 messis
2009 1347 2339 1424 tempore,
2394 1355 2625 1402 aream
2676 1332 3138 1422 repleturum.

587 1422 779 1506 Quod
835 1424 895 1492 si
947 1423 1250 1493 triticum
1301 1426 1371 1492 in
1473 1447 1670 1494 orreo
1718 1446 1845 1494 suo
1918 1423 2431 1511 reliquerit‚-et
2480 1442 2616 1489 non
2668 1422 3139 1502 seminaverit,

588 1511 883 1593 deficiet,
938 1524 1004 1580 et
1042 1534 1348 1583 crescere
1396 1534 1532 1581 non
1587 1514 1853 1603 poterit.
1899 1512 2087 1580 Idem
2140 1512 2211 1580 in
2252 1509 2658 1580 hominibus
2708 1508 2867 1578 licet
2913 1511 3145 1579 consi-

587 1600 853 1668 derare.
909 1599 976 1667 Si
1025 1601 1185 1688 quis
1234 1601 1303 1669 in
1355 1601 1483 1671 hoc
1531 1601 1795 1670 mundo
1867 1622 1989 1690 pro
2041 1599 2322 1668 nomine
2369 1597 2641 1667 Domini
2712 1599 2928 1667 nostri
2975 1605 3145 1667 ,Iesu

590 1686 842 1756 Christi
890 1688 1200 1757 animam
1254 1710 1447 1759 suam
1503 1688 1916 1780 perdiderit,
1963 1688 2033 1756 in
2085 1709 2261 1758 novo
2312 1685 2600 1766 mund0‚
2655 1708 2816 1754 cum
2885 1688 3146 1755 venerit

587 1774 674 1842 ad
724 1797 840 1846 eos
887 1775 1253 1846 hominum
1304 1776 1485 1845 filios
1552 1776 1985 1846 renovandos
2017 1831 2031 1856 ,
2085 1776 2206 1862 qui
2274 1775 2346 1843 in
2396 1776 2627 1862 ipsum
2678 1774 2975 1843 credunt
3008 1829 3025 1855 ‚
3080 1789 3145 1843 et

592 1861 1010 1933 voluntatem
1084 1864 1235 1955 ejus
1297 1864 1606 1946 faciunt,
1662 1864 2017 1935 renovabit
2079 1864 2235 1933 illos
2283 1864 2352 1932 in
2404 1861 2671 1931 lumine
2718 1884 2845 1932 suo
2881 1917 2896 1942 ‚
2958 1862 3144 1949 quod

590 1972 980 2036 numquam
1030 1953 1378 2042 praeterit,
1432 1975 1655 2039 neque
1703 1952 2127 2023 dissolvitur.
2181 1957 2309 2022 Eos
2358 1972 2515 2019 vero
2545 2004 2559 2031 ,
2613 1949 2734 2036 qui
2778 1963 3142 2040 praecepta

586 2039 812 2129 ipsius
866 2040 1332 2128 mandataque
1382 2042 1771 2132 negligunt,
1827 2040 1899 2109 in
1948 2040 2179 2130 ignem
2227 2038 2567 2126 conjiciet,
2621 2038 2745 2124 qui
2776 2060 3138 2126 nunquam

584 2128 1035 2217 extinguitur.
1072 2152 1108 2193 »
1140 2129 1174 2163 ⁴*

674 2218 712 2302 ξ
760 2219 854 2284 9.
931 2221 1111 2285 Haec
1176 2216 1293 2286 ille
1340 2238 1499 2286 cum
1549 2215 1870 2297 dixisset,
1923 2215 2046 2284 diu
2097 2221 2448 2306 Magorum
2490 2214 2843 2303 principes
2890 2214 3140 2284 obmu-

588 2315 892 2384 tuerunt,
948 2326 1336 2375 sermonem
1390 2304 1612 2394 ipsius
1661 2304 2009 2373 admirati.
2064 2309 2299 2375 Postea
2339 2325 2498 2371 vero
2531 2302 2850 2372 dixerunt
2882 2303 2972 2371 ei:
3009 2308 3145 2372 «Ne

590 2413 803 2472 erreS,
855 2398 1057 2473 Jona,
1115 2414 1335 2480 neque
1386 2392 1777 2479 Scripturas
1826 2393 2162 2478 sequaris:
2204 2391 2458 2462 multos
2504 2390 2688 2459 enim
2744 2391 3145 2491 Scripturae

593 2478 1038 2570 decipiunt.»
1082 2481 1460 2572 Respondit
1506 2481 1750 2552 beatus
1796 2487 2055 2552 Jonas:
2093 2491 2220 2550 et«
2260 2484 2483 2560 Recte,
2537 2478 2787 2566 inquit,
2843 2479 3141 2561 dixistis,

594 2568 987 2657 Scripturas
1033 2569 1372 2660 decipere:
1427 2570 1786 2659 decipiunt
1832 2569 2016 2638 enim
2070 2569 2463 2657 Scripturae
2512 2572 2955 2638 Graecorum.
3014 2574 3147 2638 Nec

592 2656 783 2726 aliud
838 2657 1062 2746 magis
1110 2658 1428 2727 homines
1475 2658 1755 2758 decipit,
1802 2680 2014 2744 quam
2055 2657 2193 2725 vita
2241 2656 2489 2725 mundi
2532 2655 2764 2745 hujus.
2811 2657 3145 2742 Quisquis

594 2756 825 2815 autem
864 2745 1113 2814 Christi
1147 2757 1378 2835 gustat
1424 2746 1888 2825 afflictionem,
1941 2745 2003 2816 is
2054 2766 2415 2830 nunquam
2466 2743 2752 2812 fallitur.
2791 2745 3143 2826 Quemad-

589 2832 876 2902 modum
928 2833 1111 2901 enim
1164 2855 1323 2903 cum
1361 2833 1551 2904 dives
1585 2833 1840 2920 aliquis
1888 2833 2149 2902 amicos
2197 2832 2283 2901 ad
2325 2831 2717 2902 convivium
2751 2845 2969 2911 vocat,
3012 2832 3138 2912 illi,

587 2920 844 2990 relictis
884 2921 1186 3010 propriis
1234 2922 1546 2999 aedibus,
1581 2922 1942 2991 accedunt:
1976 2922 2206 2990 sciunt
2231 2921 2414 2989 enim
2450 2942 2521 2988 se
2550 2919 2636 2988 ad
2680 2919 3011 2988 laetitiam
3040 2921 3147 2989 in-

586 3008 823 3078 vitari:
867 3031 1028 3077 cum
1061 3021 1290 3078 autem
1317 3009 1824 3091 discubuerint,
1870 3032 1950 3078 ac
1999 3009 2454 3099 degustarint,
2492 3008 2548 3076 si
2585 3018 2792 3077 suave
2823 3008 2933 3092 sit,
2971 3031 3147 3098 gau-

586 3094 752 3166 dent
797 3109 864 3165 et
910 3095 1174 3185 largius
1222 3097 1511 3176 bibunt,
1569 3119 1695 3166 nec
1743 3110 2107 3188 postquam
2174 3097 2349 3165 ebrii
2399 3095 2557 3165 sacti
2607 3109 2791 3175 sunt,
2850 3096 3143 3166 domum

586 3184 833 3253 reverti
883 3197 1219 3274 possunt:
1275 3185 1393 3256 sed
1454 3207 1692 3254 eorum
1762 3185 2117 3254 domestici
2171 3184 2704 3275 apprehendunt
2752 3183 2911 3253 illos
2947 3238 2962 3263 ‚
3019 3185 3143 3253 do-

586 3294 922 3359 mumque
971 3272 1350 3344 deducunt:
1453 3274 1738 3342 ostridie
1785 3286 2011 3343 autem
2083 3296 2319 3353 mane,
2374 3294 2532 3341 cum
2574 3272 2721 3361 jam
2777 3272 3142 3341 vinum'e-

485 3439 492 3448 Ι
586 3360 1020 3441 dormierint,
1074 3374 1139 3430 et
1185 3384 1402 3450 crapu
1434 3384 1543 3430 am
1596 3362 2004 3441 exhalarint,
2064 3361 2262 3430 valde
2312 3362 2675 3440 laetantur,
2719 3360 2901 3446 quod
2956 3384 2995 3428 a
3050 3360 3142 3429 ud

588 3448 1003 3519 domesticos
1043 3472 1206 3519 suos
1254 3451 1416 3519 sint.
1463 3451 1572 3519 Sic
1619 3462 1685 3519 et
1734 3450 1979 3519 Christi
2030 3450 2230 3529 servi,
2280 3471 2440 3518 cum
2491 3470 2562 3517 se
2611 3471 2651 3517 a
2699 3448 3003 3539 principi
3060 3472 3145 3520 us

513 3565 516 3568 ·
587 3537 658 3604 in
725 3559 1072 3608 carcerem
1139 3539 1367 3608 vocari
1426 3538 1773 3618 sentiunt,
1829 3560 1900 3607 se
1948 3537 2035 3606 ad
2107 3538 2487 3606 certamina
2533 3549 2599 3606 et
2649 3550 2989 3606 tormenta
3042 3538 3142 3606 ire

588 3647 724 3694 non
776 3625 1122 3717 ignorant.
1179 3631 1345 3695 Cum
1397 3626 1612 3716 igitur
1660 3626 2096 3701 accesserint,
2135 3639 2201 3695 et
2248 3626 2569 3704 biberint,
2613 3637 2677 3693 et
2709 3625 3143 3694 cruciatibus

587 3727 792 3800 atque
838 3737 1072 3784 amore
1120 3714 1368 3784 Christi
1415 3714 1592 3783 ebrii
1639 3714 2001 3793 evaserint,
2057 3736 2182 3782 nec
2232 3713 2559 3793 familiae,
2602 3734 2724 3781 nec
2760 3712 3147 3782 liberorum

588 3801 920 3892 amplius,
977 3824 1102 3872 nec
1152 3801 1377 3871 famae
1425 3803 1899 3872 recordantur:
1956 3823 2082 3870 nec
2129 3824 2406 3880 aurum,
2446 3814 2564 3870 aut
2595 3812 2990 3891 argentum,
3023 3813 3149 3870 aut

586 3890 961 3976 quicquam
1014 3891 1203 3960 aliud
1256 3903 1526 3960 curant:
1582 3891 1702 3959 sed
1754 3912 1947 3979 reges
1994 3902 2059 3958 et
2110 3890 2462 3980 principes
2510 3900 3019 3978 aspernantur,
3075 3903 3145 3959 et

588 3983 841 4068 Regem
894 4001 1113 4047 unum
1180 3992 1539 4068 expectant
1600 4001 1935 4069 magnum
2006 3979 2396 4047 Christum:
2450 3976 2835 4065 cujus·nos
2884 3977 3149 4048 milites

589 4087 859 4146 sumUS,
901 4065 970 4134 in
1024 4067 1259 4136 secula
1306 4067 1701 4137 seculorum
1755 4079 2258 4156 permanentes,
2298 4065 2637 4155 cujusque
2668 4087 2967 4156 regnum
3003 4088 3147 4134 non

586 4155 934 4244 praeterit,
975 4156 1092 4224 sed
1145 4168 1378 4224 manet
1425 4155 1495 4223 in
1549 4168 1936 4223 aeternum.
1977 4177 2012 4221 »

679 4249 716 4324 ἓ
763 4246 924 4315 1⁰.
977 4244 1099 4314 His
1145 4243 1451 4325 auditis,
1495 4244 1861 4333 jusserunt
1909 4248 2260 4333 Magorum
2315 4242 2663 4332 principes
2698 4295 2714 4322 ,
2766 4254 2844 4311 ut
2894 4255 3140 4312 sancto

640 4401 666 4426 ‘⁸
696 4400 760 4440 De
777 4402 1024 4449 suppliciis
1044 4412 1152 4442 cum
1171 4401 1340 4451 gaudio
1362 4402 1675 4451 suscipiendis
1695 4402 1743 4442 et
1762 4401 2003 4450 praesenti
2024 4403 2175 4441 morte
2204 4401 2410 4442 libenter
2437 4401 2677 4440 subeunda
2708 4400 2761 4438 ut
2790 4400 2939 4439 vitam
2969 4402 3017 4440 et
3049 4401 3153 4451 gio·

587 4453 708 4495 riam
726 4455 834 4503 quis
855 4455 1066 4497 futuram
1086 4456 1135 4495 et
1149 4457 1390 4495 aeternnm
1409 4454 1723 4504 adipiscatur,
1737 4456 1869 4496 satus
1888 4455 2119 4496 frumenti
2137 4456 2183 4494 et
2202 4455 2302 4494 vini
2320 4454 2371 4494 in
2394 4454 2610 4496 convivio
2629 4452 2990 4496 similitudines.
