3327 4999
275 338 525 405 MART.
583 341 665 404 ⁴2
1182 360 1261 407 na
1309 361 1366 408 s.
1420 359 1734 410 carisomo
1785 363 1945 410 ΡΑΡΑ
2303 298 2304 301 ¹
2623 348 2742 411 221

281 454 556 511 mutare
618 443 1033 534 promiserit.
1089 448 1167 513 Et
1213 443 1270 513 si
1333 444 1461 514 boc
1511 445 1861 536 repererit,
1924 458 1989 515 et
2056 445 2259 517 illum
2311 448 2381 517 in
2432 450 2849 518 monasterio

278 551 689 619 permanere
732 532 1105 622 provideat,
1160 544 1224 601 et
1272 532 1475 615 lianc,
1512 535 1692 603 sicut
1741 534 2080 625 promisit,
2137 547 2404 605 mutare
2453 537 2845 628 compellat.

282 618 353 686 Si
404 641 564 688 vero
614 620 788 689 nihil
840 620 1090 689 horum
1140 632 1264 700 est,
1305 642 1430 689 nec
1460 622 1814 708 quondam
1848 622 2324 693 fornicationis
2361 625 2650 704 crimen,
2691 648 2850 716 pro-

278 718 433 796 pter
478 707 666 794 quod
717 708 860 777 viro
927 708 1085 777 licet
1148 730 1433 778 uxorem
1507 710 1901 791 dimittere,
1980 711 2401 801 praedictam
2482 714 2846 783 mulierem

278 796 720 866 commisisse
752 798 1176 889 cognoveris,
1209 819 1295 866 ne
1322 797 1508 866 illius
1539 799 1917 879 conversiO,
1941 801 2137 868 uxori
2172 800 2446 869 relictae
2479 800 2550 869 in
2585 802 2840 882 secuIO,

274 882 429 951 fieri
480 885 699 974 possit
749 884 1156 975 perditionis
1221 887 1528 966 occasi0,
1586 886 1908 957 volumus
1956 900 2032 956 ut
2081 888 2406 957 maritum
2461 911 2669 958 suum
2712 889 2838 971 illi,

274 970 485 1040 etiam
539 972 600 1041 si
638 973 787 1062 jam
838 985 1239 1043 tonsuratus
1313 986 1446 1053 est,
1505 974 1788 1043 reddere
1850 975 2041 1044 omni
2091 974 2344 1047 debeas
2410 977 2850 1046 excusatione

273 1072 616 1130 cessante.
671 1061 846 1144 Quia
884 1074 948 1131 et
996 1063 1054 1130 si
1106 1061 1462 1131 mundana
1512 1062 1616 1131 lex
1669 1063 1893 1164 praeci
1954 1064 2022 1143 it,
2080 1064 2551 1134 conversionis
2599 1066 2844 1156 gratia,

275 1149 611 1218 utrolibet
660 1150 898 1229 invito,
955 1150 1125 1218 solvi
1159 1172 1360 1239 posse
1408 1152 1841 1241 eonjugium,
1926 1152 2110 1220 ivina
2159 1152 2260 1221 lex
2311 1153 2456 1222 fieri
2511 1174 2646 1222 non
2695 1175 2848 1243 per-

278 1238 514 1307 mittit.
555 1243 722 1307 Nam
758 1248 1039 1327 excepta
1070 1237 1545 1309 fornicationis
1576 1243 1811 1321 causa,
1846 1239 2068 1308 virum
2105 1262 2385 1310 uxorem
2432 1240 2845 1328 relinquere,

279 1325 479 1395 nulla
528 1326 791 1395 ratione
838 1327 1175 1396 concedit.
1230 1327 1403 1409 Quia
1454 1339 1820 1417 postquam
1855 1326 2293 1418 copulatione
2339 1330 2672 1419 conjugii,
2720 1330 2849 1397 viri

279 1426 486 1501 atque
526 1414 844 1485 mulieris
892 1437 1112 1484 unum
1167 1436 1286 1483 cor
1338 1437 1422 1484 us
1477 1415 1803 1495 efficitur,
1865 1437 2001 1486 non
2052 1429 2274 1506 potest
2318 1438 2399 1487 ex
2446 1431 2639 1508 parte
2684 1440 2852 1487 con-

284 1502 456 1572 verti
504 1515 572 1571 et
617 1524 697 1572 ex
748 1513 938 1592 parte
989 1503 1058 1571 in
1111 1524 1273 1571 secu
1305 1525 1344 1572 o
1379 1524 1857 1603 permanere.»

371 1594 409 1678 ξ
457 1594 618 1663 84.
671 1590 1098 1660 Judaeorum
1150 1591 1513 1680 perfidiam
1550 1592 1936 1662 rationibus
1983 1592 2230 1682 magis,
2268 1615 2478 1680 quam
2515 1592 2854 1663 violentiis

284 1690 600 1748 excutere
657 1683 784 1749 Gre
834 1680 1025 1748 orius
1091 1679 1505 1750 decertabat.
1560 1685 1706 1763 Qua
1763 1691 1993 1770 ropter
2041 1681 2322 1770 Virgilio
2376 1696 2441 1752 et
2503 1682 2855 1751 Theodoro

289 1767 638 1857 episcopis
687 1702 1067 1847 Gafiiarum
1121 1780 1274 1857 post
1305 1768 1541 1855 aliqua
1568 1770 1702 1839 scri
1756 1791 1902 1849 ens,
1957 1769 2092 1838 ait:
2129 1791 2165 1835 «
2200 1769 2491 1839 Plurimi
2525 1770 2858 1839 Judaicae

294 1854 653 1946 religionis
700 1856 870 1931 viri,
927 1855 993 1923 in
1062 1855 1188 1925 hac
1215 1856 1592 2011 (provincia
1661 1869 2223 1939 commanenteS,
2285 1880 2365 1927 ac
2439 1859 2737 1929 subinde
2786 1858 2857 1926 in

298 1942 640 2013 Massiliae
689 1943 1004 2033 partibus
1044 1966 1167 2033 pro
1269 1944 1507 2038 iversis
1557 1946 1851 2034 negotiis
1898 1944 2360 2027 ambulanteS,
2412 1945 2498 2015 ad
2551 1959 2858 2016 nostram

297 2032 682 2122 perduxere
713 2032 1052 2109 notitiam,
1094 2032 1350 2101 multos
1389 2032 1917 2102 consistentium
1953 2033 2023 2100 in
2061 2033 2199 2101 illis
2230 2034 2545 2123 partibus
2563 2034 2860 2104 Judaeo-

302 2142 454 2193 rum
489 2175 504 2200 ,
560 2121 628 2187 vi
677 2121 899 2210 magis
954 2119 1040 2189 ad
1091 2119 1349 2189 fontem
1403 2120 1841 2209 baptismatis
1895 2142 2106 2207 quam
2151 2122 2656 2212 praedicatione
2705 2144 2860 2212 per-

300 2208 569 2278 ductos.
622 2212 789 2277 Nam
828 2209 1278 2277 intentionem
1326 2207 1611 2294 quidem
1667 2208 2150 2297 hujuscemodi
2197 2222 2261 2277 et
2323 2209 2525 2278 laude
2572 2209 2861 2299 dignam

298 2317 542 2365 censeo
589 2307 656 2365 et
702 2295 788 2364 de
834 2296 1108 2365 Domini
1158 2296 1376 2365 nostri
1433 2295 1852 2365 descendere
1917 2296 2282 2365 dilectione
2329 2298 2674 2387 profiteor.
2731 2297 2860 2367 Sed

298 2384 480 2453 hanc
527 2382 844 2453 eamdem
895 2385 1346 2453 intentionem
1398 2384 1535 2454 nisi
1587 2396 1986 2475 competens
2035 2385 2416 2474 scripturae
2464 2408 2700 2455 sacrae
2745 2407 2862 2455 co-

295 2472 582 2543 mitetur
627 2473 910 2542 effectus
939 2528 960 2554 ,
1021 2474 1224 2543 timeo
1273 2495 1360 2543 ne
1407 2485 1526 2543 aut
1576 2473 1916 2543 mercedis
1980 2494 2158 2562 opus
2217 2471 2463 2543 exinde
2513 2495 2649 2543 non
2702 2496 2865 2565 pro-

292 2563 546 2643 veniat,
601 2572 720 2629 aut
766 2562 966 2652 juxta
1013 2562 1279 2648 aliquid
1328 2562 1727 2632 animarum
1795 2583 1971 2648 quas
2034 2562 2210 2663 eripi
2267 2562 2615 2643 volumuS,
2677 2564 2864 2649 quod

292 2650 497 2730 absit,
555 2649 924 2740 dispendia
971 2650 1511 2737 subsequantur.
1568 2655 1744 2720 Dum
1793 2650 1980 2718 enim
2038 2649 2389 2739 quispiam
2453 2650 2538 2719 ad
2604 2652 2866 2742 baptis·

289 2740 499 2808 matis
549 2737 832 2820 fontem,
887 2760 1024 2807 non
1075 2737 1608 2829 praedicationis
1670 2739 2026 2819 suavitate,
2082 2736 2201 2807 sed
2253 2739 2658 2808 necessitate
2709 2762 2865 2830 per-

289 2827 578 2907 venerit,
632 2826 716 2894 ad
770 2827 1136 2916 pristinam
1178 2826 1740 2916 superstitionem
1791 2847 2129 2907 remeanS,
2166 2825 2330 2895 inde
2377 2826 2680 2897 deterius
2711 2849 2857 2896 mo-

290 2915 492 2996 ritur,
546 2914 736 2983 unde
785 2927 1064 2985 renatus
1121 2935 1272 2984 esse
1337 2914 1722 2984 videbatur.
1778 2915 2191 2984 Fraternitas
2241 2937 2406 3005 ergo
2454 2929 2676 2985 vestra
2730 2916 2861 2984 hu-

281 3001 679 3094 juscemodi
728 3003 1047 3072 homines
1117 3003 1451 3090 frequenti
1532 3001 2044 3092 praedicatione
2103 3006 2462 3103 provocet,
2520 3016 2866 3090 quatenus

294 3106 571 3161 mutare
612 3103 905 3160 veterem
946 3091 1169 3179 magis
1211 3092 1420 3161 vitam
1451 3089 1537 3160 de
1581 3090 1884 3160 doctoris
1932 3103 2268 3160 suavitate
2300 3092 2712 3162 desiderent.
2755 3091 2866 3162 Sic

292 3180 485 3248 enim
536 3191 604 3248 et
665 3179 954 3248 intentio
1005 3191 1238 3248 nostra
1295 3191 1476 3247 recte
1553 3178 1912 3268 perficitur
1958 3190 2022 3247 et
2071 3181 2383 3251 conversi
2430 3180 2710 3249 animus
2778 3179 2867 3248 ad

293 3268 600 3359 priorem
650 3267 880 3336 denuo
920 3268 1253 3336 vomitum
1304 3286 1439 3334 non
1479 3279 1810 3336 mutatur.
1866 3267 2317 3337 Adhibendus
2364 3290 2526 3357 ergo
2577 3267 2718 3337 illis
2766 3280 2871 3336 est

291 3379 522 3426 sermo
589 3357 711 3443 qui
758 3366 822 3424 et
886 3377 1200 3424 errorum
1266 3377 1297 3425 s
1354 3356 1505 3423 inas
1552 3356 1622 3423 in
1685 3355 1862 3444 ipsisv
1919 3376 2120 3424 urere
2168 3356 2412 3425 debeat
2477 3367 2543 3426 et
2593 3355 2864 3444 praedi-

294 3444 520 3515 cando
588 3444 773 3530 quod
842 3444 913 3512 in
978 3444 1087 3514 bis
1137 3454 1287 3511 tene
1345 3443 1591 3522 rescit,
1646 3442 2031 3512 illuminet:
2083 3454 2161 3512 ut
2208 3465 2332 3533 pro
2382 3443 2492 3512 his
2541 3442 2864 3512 admoni-

293 3534 480 3602 tione
510 3532 855 3618 frequenti
886 3530 1271 3600 mercedem
1306 3531 1696 3600 fraternitas
1729 3543 1949 3600 vestra
1980 3532 2232 3621 capiat,
2264 3543 2622 3612 eteorum,
2643 3553 2870 3618 quan-

299 3634 401 3690 tas
453 3625 632 3690 Deus
681 3618 1057 3701 donaverit,
1112 3620 1384 3688 animas
1432 3619 1518 3688 ad
1592 3619 2179 3709 regenerationem
2245 3640 2461 3688 novae
2511 3620 2644 3688 vite
2720 3641 2870 3709 per·-

296 3709 774 3777 ducat.»1tem
826 3708 1075 3777 Victori
1122 3707 1447 3797 episcopo
1510 3707 2039 3776 Panormitano:
2093 3730 2128 3773 «
2165 3708 2354 3776 Sicut
2388 3706 2675 3777 ‚Iudaeis
2725 3729 2867 3777 non

299 3795 503 3866 debet
550 3817 701 3866 esse
744 3795 1042 3875 licentia,
1094 3795 1469 3882 quicquam
1522 3795 1591 3863 in
1644 3795 2017 3895 synagogis
2057 3796 2205 3864 suis
2239 3795 2424 3865 ultra
2469 3817 2678 3882 quam
2711 3818 2871 3886 per-

302 3884 599 3955 missum
652 3897 753 3952 est
788 3884 955 3974 lege,
1012 3905 1493 3974 praesumere:
1549 3884 1743 3952 itam
1797 3884 2110 3970 hisquae
2158 3884 2258 3952 eis
2297 3905 2628 3955 concessa
2677 3896 2865 3964 sunt,

301 3973 580 4042 nullum
615 3972 866 4041 debent
902 3972 1409 4062 praejudicium
1448 3972 1788 4041 sustinere
1816 3971 1873 4039 ⁴⁸.
1901 3993 1938 4036 »

392 4063 621 4149 585.
676 4059 1278 4142 Quemadmodum
1346 4059 1657 4132 Judaeos
1721 4059 2048 4129 violenter
2094 4059 2181 4129 ba
2239 4059 2429 4129 tizari
2501 4059 2872 4149 Gregorius

303 4148 714 4250 denegabat,
782 4149 877 4217 ita
925 4148 1347 4219 Christianos
1402 4148 1503 4216 eis
1568 4146 2056 4235 quoquomodo
2105 4170 2189 4217 su
2233 4148 2399 4236 jici,
2471 4147 2874 4221 nullatenus

301 4237 763 4326 permittebat.
823 4236 1015 4308 Unde
1061 4237 1407 4306 Libertino
1439 4236 1710 4306 Siciliae
1759 4236 2092 4312 scribens,
2151 4237 2285 4307 ait:
2344 4259 2380 4305 «
2414 4241 2653 4306 Fertur
2684 4234 2872 4323 quod

300 4327 517 4395 Nasas
548 4324 838 4412 quidam
888 4325 1463 4395 sceleratissimus
1480 4325 1528 4393 J
1535 4324 1939 4405 udaeorum,
1976 4326 2109 4395 sub
2141 4326 2423 4395 nomine
2473 4324 2657 4395 beati
2688 4325 2874 4394 Eliae

356 4443 381 4470 ⁸
409 4443 531 4485 Rota
555 4454 581 4484 a
601 4443 622 4496 5
639 4445 692 4486 34
714 4445 773 4485 nd
794 4445 859 4492 40.
882 4444 999 4494 quid
1020 4444 1372 4493 sapientissime
1396 4443 1654 4494 Gregorius
1674 4443 1801 4484 ciros
1818 4441 2025 4484 «Iudaeos
2042 4443 2282 4485 statuerit.
