3327 4999
671 305 799 371 ⁴20
1475 322 1557 369 nn
1605 322 1661 370 s.
1716 323 1965 373 Ari-Au
2019 326 2262 374 Anam:
2765 308 3010 375 MART.
3066 309 3138 375 lo

620 406 1061 487 ostulassent‚
1114 415 1194 475 ut
1222 405 1412 495 ipsos
1441 406 1595 496 ejus
1645 408 2000 497 permissu
2045 409 2421 489 visitarem,
2457 431 2585 479 nec
2633 409 3004 501 impetrare
3037 434 3139 481 va-

601 495 904 579 uissent:
938 493 1242 582 quadam
1294 506 1532 583 postea
1579 494 1715 577 die,
1769 496 1967 566 nullo
1999 497 2164 567 inde
2194 498 2617 567 mentionem
2648 499 2965 580 faciente,
3001 499 3130 579 ait:

576 583 827 652 «Vade
873 581 975 652 fili
1028 581 1344 664 festinuS,
1382 592 1449 650 et
1496 595 1785 654 matrem
1850 583 2272 673 fratremque
2323 586 2543 667 visita,
2594 597 2664 655 et
2710 586 2906 657 nulla
2947 588 3136 656 mora

575 669 1083 761 praepediente,
1117 683 1554 758 quantocyus
1600 683 2010 742 revertere.»
2033 677 2200 743 Cum
2251 685 2481 743 autem
2518 696 2646 765 ego
2693 674 3045 744 differrem
3077 687 3136 743 et

577 758 909 849 temporis
973 758 1484 858 opportunitate
1529 760 1804 829 evenire
1849 761 1922 830 in
1981 761 2294 851 proximo
2341 761 2644 832 dicerem
2708 762 2907 853 (erat
2955 761 3136 832 enim

579 859 855 937 tempus
911 846 1115 918 nitrui
1161 844 1462 937 frigoris,
1516 858 1795 937 tempus
1856 848 2178 920 videlicet
2223 849 2581 920 Februarii
2640 851 2975 940 mensis),
3029 849 3137 918 ille

578 934 977 1026 respondit:
1017 934 1371 1004 «Accelera
1397 934 1525 1005 iter
1570 936 1753 1021 quod
1789 936 1953 1006 dixi.
1999 942 2166 1007 Nam
2202 937 2506 1029 ignoras,
2546 950 2784 1008 utrum
2819 939 2890 1008 in
2922 948 3137 1029 poste-

579 1045 739 1093 rum
788 1022 989 1093 liceat
1021 1021 1196 1092 illud
1228 1044 1431 1113 agere
1458 1022 1655 1092 tibi.»
1684 1024 1871 1096 Datis
1900 1046 2063 1116 ergo
2105 1026 2502 1109 comitibus,
2541 1024 2918 1118 Blidulpho
2942 1047 3137 1116 ⁴pres-

579 1112 820 1201 bytero
867 1122 933 1181 et
979 1110 1484 1180 Hermenoaldo
1532 1111 1865 1194 diacono,
1919 1113 2085 1183 viris
2146 1114 2529 1205 religiosis,
2583 1114 2667 1183 ad
2719 1113 3133 1186 destinatum

582 1200 1026 1291 pervenimus
1079 1197 1335 1279 locum,
1409 1220 1451 1268 a
1499 1202 1917 1271 monasterio
1964 1201 2332 1273 distantem
2401 1215 2679 1274 centum
2728 1216 2796 1272 et
2841 1202 3136 1290 quadra-

584 1289 780 1380 ginta
841 1287 1177 1357 millibus.
1231 1291 1377 1370 Quo
1432 1308 1593 1356 cum
1652 1289 1993 1369 venimus,
2073 1290 2375 1380 gratuita
2431 1290 2677 1381 pietate
2725 1312 2765 1359 a
2814 1290 3137 1381 genitrice

581 1387 737 1469 post
768 1386 1118 1446 tantorum
1145 1374 1585 1444 intervallum
1635 1398 1980 1447 annorum
2030 1389 2397 1468 susceptus
2429 1400 2627 1448 sum:
2682 1378 2801 1447 sed
2854 1401 2995 1449 non
3023 1378 3138 1447 diu

582 1464 879 1565 genitrix
912 1475 1142 1554 optato
1194 1461 1450 1533 fruitur
1495 1463 1700 1533 dono,
1741 1470 1909 1534 Nam
1957 1465 2198 1535 eadem
2263 1479 2459 1536 nocte
2505 1466 2692 1535 febre
2740 1479 3132 1568 correptus,

580 1563 762 1621 inter
794 1550 1116 1621 incendia
1165 1551 1469 1621 clamare
1515 1552 1735 1652 coepi,
1798 1574 1911 1622 me
1957 1552 2086 1621 viri
2131 1553 2248 1622 Dei
2296 1554 2621 1644 precibus
2667 1566 3001 1642 torqueri,
3061 1574 3137 1623 ne

582 1639 759 1710 inibi
806 1650 1044 1709 contra
1089 1638 1533 1708 interdictum
1577 1639 2083 1732 aliquantisper
2114 1662 2378 1711 moram
2427 1641 2757 1711 facerem:
2792 1654 2859 1712 et
2916 1645 3136 1712 sinon

581 1749 694 1798 me
740 1728 876 1796 cito
924 1725 1382 1807 submovens,
1435 1748 1880 1814 quocumque
1928 1750 2198 1820 possem
2251 1730 2619 1799 conamine
2667 1730 2752 1799 ad
2805 1740 3139 1802 monaste-

581 1816 764 1886 rium
816 1814 1244 1904 repedarem,
1300 1835 1412 1883 me
1459 1814 1592 1884 cito
1627 1829 1845 1885 morte
1899 1818 2509 1906 praeveniendum.
2555 1824 2764 1888 Mater
2801 1819 2893 1888 ad
2930 1820 3135 1889 haec:

584 1908 930 1974 «Praestat
962 1923 1071 1971 me
1116 1902 1217 1971 ibi
1248 1924 1495 1972 sanum
1529 1914 1594 1972 te
1641 1904 1841 1986 scire,
1869 1904 2116 1991 inquit,
2198 1927 2362 1975 uam
2404 1906 2519 1976 hic
2554 1919 2912 1976 mortuum
2952 1906 3139 1998 plan·

582 1996 1036 2082 gere.Fateor,
1074 1988 1360 2081 longum
1393 1990 1522 2060 fuit
1553 1990 1692 2060 diei
1720 2013 1798 2061 ex
1852 2004 2076 2062 ectare
2108 2015 2148 2062 a
2203 2005 2556 2063 ventum.»
2586 1995 2706 2063 Vix
2739 2007 3139 2086 erumpente

585 2101 858 2160 aurora,
912 2078 995 2147 ad
1071 2077 1569 2148 monasterium
1628 2101 1790 2171 repe
1842 2102 1958 2150 are
2029 2081 2455 2152 studuimus.
2508 2087 2960 2171 Nequaquam
3024 2104 3139 2182 ego

584 2168 722 2237 cibi
770 2188 892 2257 per
937 2166 1251 2236 triduum
1298 2166 1674 2253 quicquam
1735 2168 1911 2259 cepi,
1965 2168 2185 2239 donec
2231 2170 2318 2239 ad
2379 2169 2589 2238 medii
2638 2192 2812 2262 pene
2871 2172 3134 2241 itineris

584 2256 735 2325 loca
781 2255 1353 2346 pertingeremus.
1398 2255 1909 2327 Festinantibus
1952 2277 2114 2347 ergo
2160 2267 2226 2326 et
2274 2258 2401 2327 iter
2445 2260 2859 2347 urgentibus
2913 2259 3131 2340 nobis,

586 2343 986 2433 sospitatem
1036 2364 1318 2412 rursum
1354 2343 1617 2432 recepi:
1655 2344 2145 2432 venientesque
2175 2345 2260 2414 ad
2315 2346 2838 2429 monasterium,
2881 2359 3138 2438 patrem
3234 2395 3237 2408 π

585 2443 903 2502 nostrum
940 2430 1229 2502 Attalam
1254 2429 1400 2521 jam
1434 2429 1744 2502 febribus
1774 2431 2126 2504 detentum
2168 2433 2558 2525 reperimus
2604 2456 2686 2505 ac
2733 2436 2947 2507 morti
2996 2456 3139 2527 pro-
3234 2449 3237 2503 ;

584 2520 878 2591 ximum.
931 2525 1086 2609 Ipse
1115 2540 1275 2589 vero
1309 2517 1474 2587 visis
1505 2519 1707 2589 nobis
1739 2520 2128 2610 gratulatus
2172 2535 2297 2592 est.
2338 2522 2585 2609 Sicque
2615 2535 2848 2614 aperte
2899 2545 3140 2625 cogno-

584 2609 839 2689 vimus,
894 2608 1022 2677 viri
1071 2607 1188 2676 Dei
1246 2607 1317 2675 in
1382 2607 1509 2676 hoc
1567 2607 2033 2697 praevaluisse
2080 2630 2358 2700 preces,
2411 2623 2489 2679 ut
2536 2632 2647 2681 me
2686 2612 2789 2684 vis
2846 2613 3140 2682 febrium

585 2707 862 2786 urgeret
890 2695 1024 2765 cito
1072 2694 1158 2764 ad
1197 2695 1693 2764 monasterium
1727 2709 1887 2766 ante
1931 2697 2084 2786 ejus
2129 2698 2388 2767 exitum
2438 2698 2686 2768 redire.

674 2787 711 2872 ἓ
767 2787 846 2854 ⁸2.
900 2784 1220 2865 Quicum
1255 2803 1620 2871 supremas
1667 2783 1842 2853 vitae
1889 2786 2273 2874 praesentis
2319 2786 2527 2856 horas
2580 2787 2867 2858 duceret
2915 2801 2986 2860 et
3029 2787 3138 2858 ad-

585 2874 726 2942 huc
757 2872 998 2961 vigens
1045 2869 1303 2940 halitus
1333 2883 1743 2962 superesset,
1772 2872 1987 2963 jussit
2018 2895 2090 2943 se
2121 2886 2308 2944 extra
2337 2874 2586 2944 cellam
2630 2875 2953 2976 perduci.
2987 2882 3141 2961 Surss
3234 2876 3237 2895 ¹

633 2980 895 3045 ensque
926 2980 965 3028 e
1011 2969 1220 3028 strato
1274 2980 1412 3046 quo
1471 2959 1738 3030 valebat
1793 2962 2181 3045 conamine,
2233 2964 2785 3033 sustentantibus
2836 2966 3142 3052 undique
3236 2990 3237 3001 ¹

619 3047 944 3127 ratribuS,
996 3058 1185 3115 extra
1239 3045 1562 3118 cellulam
1612 3060 1717 3118 est
1776 3070 2227 3141 progressus:
2280 3050 2518 3138 ibique
2577 3052 2929 3142 aspiciens
2994 3073 3142 3123 cru-

586 3157 737 3206 cem
771 3156 980 3221 quam
1030 3132 1180 3225 ipse
1229 3134 1300 3203 in
1349 3135 1587 3205 eodem
1640 3136 1789 3208 loco
1843 3138 2011 3230 poni
2058 3150 2539 3230 praeceperat,
2601 3152 2679 3210 ut
2747 3141 3141 3229 ingrediens
3236 3154 3237 3159 ’

583 3222 1089 3315 egrediensque
1125 3222 1475 3304 cellulam,
1531 3224 1684 3315 ejus
1733 3236 1918 3295 tactu
1946 3225 2240 3297 frontem
2290 3249 2492 3298 suam
2542 3227 2874 3313 muniret,
2930 3227 3143 3319 coepit

586 3322 894 3382 moestus
934 3310 1279 3401 lacrymas
1308 3310 1620 3394 fundere,
1679 3334 1759 3383 ac
1818 3314 2226 3404 trophaeum
2281 3315 2511 3386 crucis
2558 3337 3135 3388 commemorare:

587 3405 785 3483 «Ave,
812 3399 1059 3487 inquit,
1096 3400 1282 3470 alma
1313 3422 1506 3480 crux,
1540 3423 1718 3489 quae
1750 3401 1999 3471 mundi
2026 3403 2322 3493 pretium
2351 3403 2875 3493 portasmquae
2906 3403 3141 3475 vexilla

588 3489 727 3558 fers
775 3498 1097 3558 aeterna:
1178 3499 1252 3558 tu
1314 3500 1710 3559 nostrorum
1768 3489 2137 3561 vulnerum
2198 3491 2620 3562 medicinam
2679 3493 3011 3565 attulisti:
3076 3504 3143 3561 tu

587 3598 832 3647 cruore
861 3576 1014 3667 ejus
1048 3575 1239 3646 illata
1284 3598 1358 3648 es
1405 3577 1527 3733 equi
1558 3589 1637 3647 ut
1674 3576 2066 3649 humanum
2107 3579 2693 3670 genuswsalvaret,
2730 3580 2817 3650 de
2855 3581 3046 3652 coelo
3075 3579 3142 3647 in

586 3664 769 3734 lianc
803 3665 1273 3754 lacrymarum
1322 3665 1429 3734 val
1461 3686 1571 3735 em
1621 3665 2014 3737 descendit:
2058 3666 2181 3755 qui
2214 3667 2283 3736 in
2331 3678 2395 3738 te
2443 3668 2653 3758 primi
2682 3669 2864 3739 Adae
2902 3692 2987 3739 ru
3039 3685 3142 3738 am

583 3752 887 3822 extendit
942 3753 1252 3834 dudum,
1288 3753 1722 3844 jamjamque
1783 3755 2131 3826 secundus
2179 3754 2416 3838 Adam,
2482 3756 2755 3826 lavacro
2804 3778 3009 3827 macu
3041 3774 3145 3825 am

586 3841 954 3911 abluens.»
985 3845 1156 3912 Cum
1207 3842 1379 3912 haec
1434 3853 1659 3912 oraret
1716 3853 1999 3915 sanctus
2053 3842 2308 3926 Attala‚
2384 3857 2706 3933 precatur
2776 3865 3045 3925 omnes,
3077 3852 3150 3910 ut

585 3930 860 4009 abeant,
916 3950 1202 4017 seseque
1248 3929 1541 4002 cellulae
1589 3930 1905 4015 reddant,
1959 3930 2091 4002 sibi
2145 3954 2230 4001 ue
2267 3931 2626 4023 paulisper
2671 3933 2898 4002 locum
2963 3930 3149 4019 quie·

588 4028 736 4088 tum
789 4017 1182 4108 praebeant.
1231 4018 1661 4089 Abeuntibus
1708 4041 1871 4110 ergo
1918 4020 2113 4089 omni
2164 4042 2271 4103 uS,
2332 4041 2523 4090 unus
2587 4032 2856 4091 tantum
2912 4019 3139 4096 frater,

589 4105 874 4176 nomine
920 4105 1451 4188 Blidemundus‚
1498 4119 1650 4199 post
1698 4119 1972 4199 tergum
2000 4108 2133 4177 viri
2182 4107 2300 4178 Dei
2347 4108 2551 4179 tacito
2590 4108 2904 4178 anhelitu
2938 4106 3142 4184 stetit,

587 4194 925 4284 cogitans,
960 4194 1020 4264 si
1050 4195 1181 4265 viri
1229 4195 1347 4265 Dei
1396 4195 1690 4287 poplites
1719 4195 2120 4266 labefactari
2162 4196 2468 4277 vidisset,
2518 4217 2593 4267 se
2623 4195 2713 4266 ad
2771 4195 3150 4286 suscipien-

587 4281 759 4351 dum
788 4304 949 4353 eum
999 4295 1322 4369 paratum
1356 4282 1521 4353 fore.
1567 4290 1736 4355 Cum
1777 4306 1940 4375 ergo
1972 4284 2251 4355 nullum
2302 4305 2662 4375 superesse
2709 4294 2995 4355 sanctus
3036 4303 3149 4372 pa-

588 4381 698 4439 ter
722 4382 1017 4461 putaret,
1052 4371 1279 4463 coepit
1306 4371 1686 4442 conditoris
1709 4372 2149 4443 clementiam
2170 4394 2335 4444 cum
2358 4372 2826 4463 lacrymarum
2848 4370 3149 4444 ubertate
