3327 4999
673 350 800 414 532
1418 366 1497 413 1>ss
1544 366 1599 413 s.
1653 364 1935 413 nurssnro
1985 354 2276 415 muscoro
2732 344 2975 412 MART.
3030 348 3123 413 27

585 450 1184 521 mansuetudinem
1236 472 1398 551 erga
1447 472 1687 519 omnes
1734 450 2047 520 homines
2097 472 2258 541 prae
2324 473 2396 519 se
2443 450 2690 530 ferens,
2738 451 2849 520 Dei
2900 450 3124 519 virtu-

589 540 773 610 tibus
818 552 1126 620 ornatus,
1181 540 1467 608 minime
1515 561 1813 630 pugnax,
1860 540 1945 609 ab
1992 540 2181 609 omni
2231 539 2703 609 malevolentia
2748 553 2813 608 et
2852 539 3126 610 malitia

589 628 881 710 alienus,
919 650 1155 719 pacem
1218 642 1282 697 et
1336 629 1628 715 quietem
1673 650 2033 715 quaerens,
2077 629 2502 697 adversarios
2552 650 2840 698 monens
2887 640 2952 699 et
2999 650 3124 697 co-

588 717 895 798 hortanS‚
931 729 1008 787 ut
1054 718 1542 787 confiterentur
1594 729 1659 785 et
1706 717 2068 787 adorarent
2127 717 2632 786 sanctissimam
2684 717 3115 797 Trinitatem,

588 806 661 874 in
702 828 837 892 quo
866 806 1175 875 consistit
1220 806 1580 875 hominum
1633 806 1844 884 saluS,
1898 819 2108 893 utque
2153 806 2507 876 coelestem
2558 806 2962 895 angelorum
3009 828 3126 874 or-

589 895 849 974 dinem,
905 906 970 963 et
1016 894 1315 964 divinam
1361 896 1565 964 vitam
1619 895 2074 965 imitarentur.
2130 900 2488 965 Provectus
2519 907 2747 965 autem
2797 894 2879 963 ad
2917 916 3120 962 sene-

590 995 842 1053 ctutem
877 984 1152 1063 bonam,
1189 982 1273 1052 ad
1314 1006 1521 1070 quam
1562 983 1898 1053 Abraham
1936 984 2003 1052 in
2041 998 2212 1053 terra
2264 984 2761 1073 promissionis,
2809 982 2894 1051 ad
2930 1005 3119 1052 com-

589 1093 877 1141 munem
911 1072 1085 1140 vitae
1133 1071 1339 1141 finem
1391 1074 1799 1163 properavit.

589 1187 598 1191 ·
677 1161 713 1246 ξ
777 1164 857 1231 8.
912 1161 1219 1243 Quodam
1285 1162 1494 1250 igitur
1538 1160 1648 1229 die
1696 1160 2082 1229 convocatis
2129 1160 2454 1230 omnibus
2504 1159 2856 1238 fratribus,
2911 1160 3122 1261 longo

593 1270 708 1319 eos
758 1270 1069 1319 sermone
1133 1249 1450 1329 instituit,
1503 1261 1567 1319 et
1627 1250 2021 1319 cohortatus
2066 1262 2188 1325 est,
2238 1263 2313 1318 ut
2360 1249 2636 1319 stabiles
2683 1272 2762 1318 ac
2812 1250 2994 1318 firmi
3047 1272 3120 1317 in

593 1336 729 1405 fide
765 1351 1264 1427 permanerent,
1320 1353 1384 1408 et
1433 1339 1668 1430 procul
1704 1338 1789 1406 ab
1820 1337 2008 1406 omni
2057 1360 2124 1408 re
2181 1338 2580 1407 rehensione
2628 1338 2743 1406 Dei
2774 1337 3121 1407 mandatis

593 1426 1170 1509 obtemperarent:
1225 1440 1425 1513 atque
1472 1428 1562 1495 ita
1593 1427 1750 1495 illos
1799 1427 2059 1496 Christo
2098 1450 2133 1495 c
2165 1427 2633 1496 ementissimo
2680 1427 3127 1499 commenda-

592 1515 708 1594 vit,
761 1528 825 1584 et
871 1515 1093 1584 virum
1148 1515 1414 1584 fidelem
1467 1529 1670 1602 atque
1708 1528 2155 1594 constantem,
2201 1539 2280 1585 ac
2327 1515 2735 1605 disciplinae
2773 1537 2937 1583 suae
2969 1529 3122 1583 stu-

594 1604 866 1672 diosum
915 1604 1140 1695 elegit,
1179 1627 1384 1691 quem
1418 1604 1558 1676 illis
1597 1605 2027 1694 praeficeret:
2081 1618 2145 1673 et
2196 1611 2403 1673 Deum
2448 1618 2783 1695 precatus,
2845 1626 2962 1671 eos
3009 1604 3119 1671 di-

594 1692 805 1761 misit.
842 1696 1005 1762 Cum
1041 1707 1266 1762 autem
1318 1695 1610 1764 venisset
1659 1694 1845 1772 hora,
1884 1707 1961 1762 ut
2006 1716 2042 1761 e
2089 1715 2371 1783 corpore
2402 1694 2486 1762 ad
2520 1698 2724 1761 Deum
2761 1693 3112 1783 migraret,

594 1781 666 1848 in
718 1803 882 1871 pace
928 1781 1246 1871 spiritum
1284 1805 1489 1851 suum
1540 1782 1793 1852 sanctis
1824 1782 2087 1871 angelis
2136 1782 2436 1852 tradidit.
2494 1787 2778 1871 Magnus
2826 1801 2981 1849 vero
3018 1782 3124 1848 in-

599 1883 697 1938 ter
745 1869 982 1939 fratres
1011 1870 1272 1939 clamor
1316 1885 1378 1939 et
1428 1870 1656 1941 luctus
1689 1884 1962 1939 exortus
2008 1885 2107 1939 est
2155 1872 2274 1957 qui
2331 1891 2489 1940 cum
2543 1870 2866 1960 lacrymis
2925 1870 3113 1937 dice-

594 1958 794 2027 bant:
847 1981 881 2024 «
908 1964 1122 2038 Pater,
1160 1960 1254 2027 sis
1291 1981 1551 2029 memor
1600 1960 1835 2028 nostri.
1866 1983 1901 2025 »
1939 1965 2012 2028 Et
2058 1972 2379 2029 curantes
2408 1968 2593 2035 eum,
2634 1981 2753 2047 pro
2785 1960 3118 2047 dignitate

594 2047 1004 2117 extulerunt.
1045 2048 1230 2117 Cives
1261 2062 1485 2117 autem
1526 2048 1827 2117 universi
1860 2047 1943 2116 ad
1992 2050 2251 2119 obitum
2304 2049 2453 2136 ejus
2500 2061 3010 2128 concurrerant,
3055 2058 3121 2114 et

597 2136 679 2205 ad
732 2135 1080 2205 tumulum
1132 2159 1346 2222 usque
1407 2149 1566 2207 sunt
1623 2160 1784 2206 eum
1830 2138 2156 2215 comitati,
2209 2150 2274 2206 et
2320 2148 2589 2206 sanctas
2636 2137 2788 2223 ejus
2835 2158 2915 2204 ac
2965 2156 3122 2225 pre-

602 2226 810 2294 tiosas
859 2224 1182 2311 reliquias
1233 2227 1300 2294 in
1350 2226 1514 2294 aede
1561 2226 1777 2294 sancti
1833 2225 2152 2315 Stephani
2215 2226 2752 2317 protomartyris,
2808 2225 2876 2293 in
2927 2247 3126 2293 sacro

598 2313 796 2382 altari
842 2314 1285 2383 collocarunt.
1334 2320 1418 2383 Ac
1465 2316 1709 2384 caeteri
1757 2315 2037 2401 quidem
2086 2315 2168 2383 ad
2202 2337 2327 2384 sua
2366 2317 2659 2401 quisque
2690 2314 2837 2382 loca
2870 2314 3122 2381 reversi

603 2416 806 2472 sunt:
861 2402 1100 2472 fratres
1146 2425 1302 2472 vero
1341 2404 1420 2472 ad
1477 2403 1898 2473 mansionem
1938 2404 2181 2493 ipsius,
2222 2409 2429 2471 Deum
2470 2403 2973 2493 collaudantes..
3018 2424 3124 2470 re-

598 2491 896 2561 dierunt.
953 2492 1262 2582 Migravit
1308 2492 1388 2562 ad
1445 2492 1807 2561 Dominum
1860 2508 2138 2563 sanctus
2191 2507 2379 2582 pater
2429 2507 2649 2562 noster
2694 2491 2999 2562 Isaaciu's
3060 2515 3124 2560 vr

600 2580 875 2650 Calend.
930 2581 1198 2671 Aprilis,
1235 2595 1298 2650 et
1330 2581 1605 2651 assidue
1647 2604 1767 2670 pro
1817 2583 2013 2650 nobis
2061 2583 2246 2671 apud
2309 2581 2720 2651 Salvatorem
2777 2581 3128 2649 Christum

597 2670 977 2746 intercedit,
1031 2670 1287 2738 fiducia
1323 2685 1521 2739 utens
1569 2692 1604 2737 a
1663 2670 1757 2738 ud
1806 2675 2015 2739 Deum
2058 2686 2123 2739 et
2170 2677 2472 2740 Patrem:
2510 2672 2624 2738 Cui
2661 2669 2869 2758 gloria
2904 2681 2970 2737 et
3000 2671 3135 2738 im-

598 2759 867 2848 perium
923 2758 1228 2827 adoratio
1275 2773 1339 2827 et
1387 2758 1536 2826 laus
1633 2759 1892 2840 ebetur,
1956 2782 2115 2828 cum
2178 2760 2533 2849 unigenito
2597 2759 2744 2848 ejus
2806 2757 2998 2838 Filio,
3065 2772 3131 2826 et

599 2847 856 2937 Spiritu
903 2852 1168 2926 Sancte,
1210 2869 1395 2915 nunc
1441 2860 1506 2914 et
1552 2867 1844 2936 semper,
1897 2862 1963 2917 et
2019 2848 2087 2917 in
2138 2841 2371 2917 secula
2425 2848 2841 2927 seculorum,
2884 2853 3125 2915 Amen.

1424 3096 1648 3196 Vl'l'A
1717 3097 1796 3196 S.
1868 3097 2315 3198 RUPERTl

724 3318 981 3384 PRIMO
1029 3318 1502 3384 VANGIONUM
1555 3320 1853 3388 DEINDE
1903 3321 2585 3387 S.tLISBURGENSIS
2635 3320 3003 3406 EPJSCOPI

1055 3495 1376 3541 mnatrrnn
1425 3495 1825 3555 consempm,
1880 3498 1991 3543 sm)
2041 3495 2159 3544 Pmi
2207 3500 2393 3547 mun.
2448 3499 2684 3548 sumum

1335 3604 1598 3649 mmmm
1648 3604 1805 3650 rana
1853 3591 2400 3654 rAnArnnAsncos

1249 3756 1445 3809 Anno
1491 3754 1662 3810 obiit:
1702 3757 1813 3810 718
1840 3786 1919 3795 —
1946 3758 2104 3811 Nat.
2150 3757 2477 3813 Francus

694 3886 730 3970 ἓ
788 3888 863 3955 1.
919 3887 1081 3952 Cum
1137 3903 1250 3951 rex
1306 3883 1775 3954 Childebertus
1832 3885 2016 3974 apud
2069 3891 2363 3957 Francos
2420 3900 2755 3978 regnaret,
2810 3911 2993 3959 anno
3033 3910 3139 3959 se-

606 3971 832 4041 cundo
882 3971 1071 4062 regni
1119 3971 1290 4060 ejuS‚
1346 3974 1824 4042 sanctissimus
1858 3974 2104 4044 Christi
2152 3976 2507 4048 Confessor
2555 3983 2901 4067 Rupertus
2948 3978 3135 4067 apud

606 4059 988 4150 Vangiones
1019 4061 1052 4093 '⁵
1097 4061 1400 4148 episc-opi
1440 4060 1854 4151 fungebatur
1893 4062 2139 4133 officio.
2196 4069 2260 4134 Is
2300 4088 2519 4155 genus
2567 4088 2775 4136 suum
2807 4067 2891 4134 ad
2941 4089 3135 4154 reges

607 4148 1407 4226 Francorum'referens‚
1466 4163 1720 4219 tantam
1756 4151 1988 4221 carnis
2046 4153 2467 4222 nobilitatem
2522 4168 2587 4222 et
2645 4157 3134 4243 praestantiam

607 4238 743 4307 fide
788 4250 852 4307 et
893 4236 1136 4327 pietate
1186 4239 1253 4306 in
1294 4243 1502 4307 Deum
1551 4238 1803 4308 eximia
1864 4240 2152 4310 mirifice
2187 4242 2572 4312 illustravit.
2628 4244 2837 4332 Cujus
2886 4244 3139 4331 siquis

605 4329 888 4395 virtutes
934 4326 1342 4416 compendio
1392 4348 1589 4396 nosse
1618 4328 1800 4408 velit,
1854 4343 1999 4398 erat
2047 4330 2263 4400 multa
2309 4332 2526 4400 animi
2572 4332 3131 4412 mansuetudine,

663 4454 688 4480 ⁸
715 4454 903 4499 Wonsis.
923 4454 981 4494 ad
1002 4453 1218 4494 Rhenum
1236 4454 1474 4503 superius,
1493 4454 1755 4503 antiquitus
1778 4454 2127 4496 Bor-bammum
2146 4458 2459 4506 appellnt-ant.
