3327 4999
168 365 403 429 MART.
458 365 502 429 6
1078 382 1159 437 »Β
1206 381 1262 429 s.
1314 378 1549 429 comm
1596 380 1768 430 vme.
2543 369 2616 434 5⁴

164 462 596 532 mediocriter
620 459 960 530 laboraret
995 459 1371 537 ex'morbo,
1419 482 1557 530 non
1592 472 1827 531 tamen
1860 484 1902 531 a
1932 460 2188 532 divinis
2220 462 2438 534 voluit
2469 486 2542 534 se
2571 465 2722 535 lau-

160 551 362 621 dibus
401 551 539 621 sub
570 550 845 629 ducere,
881 571 1007 619 nec
1055 562 1335 640 propter
1363 571 1681 619 sororum
1717 551 2131 641 paucitatem
2165 550 2429 640 aliquid
2459 553 2543 623 de
2573 554 2718 628 illis

159 639 504 710 diminui:
558 639 674 709 sed
726 660 885 708 cum
938 639 1214 709 duabus
1262 650 1382 708 aut
1422 638 1645 710 tribus
1678 639 2032 710 sororibus
2113 662 2300 711 reces
2329 664 2572 714 omnes
2599 647 2723 715 Ca-

156 730 447 799 nonicas
496 729 649 819 ipsa
689 726 1115 818 persolvebat
1164 727 1449 817 integre,
1495 727 1894 798 solemniter
1939 741 2005 798 et
2099 742 2311 800 evote.
2369 731 2496 801 Ubi
2552 755 2723 803 sane

157 816 560 888 verisimilis
606 838 742 886 non
800 816 1031 886 deerat
1093 817 1513 906 conjectura,
1575 839 1659 886 an
1716 817 1927 887 elicos
1983 816 2276 908 spiritus
2321 819 2386 888 ei
2447 822 2720 894 venisse

152 907 497 986 subsidio,
550 918 629 976 ut
690 905 1122 976 audientium
1179 905 1447 975 devotio
1504 917 1569 974 et
1632 929 1672 976 a
1729 906 2003 976 miratio
2050 919 2443 996 augeretur.
2500 915 2716 981 Num-

148 1019 358 1084 quam
413 995 563 1077 illa,
597 994 779 1081 quod
829 1016 996 1063 sane
1041 994 1452 1064 admirabile
1487 1005 1610 1077 est,
1667 996 1739 1064 in
1789 995 2048 1064 divinis
2096 996 2569 1085 persolvendis
2615 998 2719 1069 os-

148 1086 328 1155 ficiis
374 1084 613 1154 ullum
675 1082 775 1151 vel
826 1083 1170 1165 taedium,
1239 1082 1343 1152 vel
1398 1083 1706 1154 laborem
1755 1085 2010 1154 sensit:
2063 1084 2280 1155 immo
2325 1099 2587 1173 quanto
2634 1111 2717 1160 ea

146 1174 532 1265 prolixiora
576 1184 823 1253 essent,
859 1184 1044 1241 tanto
1091 1172 1391 1272 gratiora
1421 1194 1697 1259 quoque
1741 1185 1961 1243 erant.
2013 1173 2208 1255 Quod
2250 1174 2309 1243 si
2356 1175 2711 1247 interdum

144 1264 464 1351 aliquam
513 1262 793 1331 sentiret
831 1261 1346 1340 desolationem,
1384 1284 1540 1332 mox
1567 1262 1907 1333 -inchoato
1937 1261 2164 1332 officio
2202 1263 2719 1336 confortabatur

144 1366 211 1422 et
255 1350 870 1437 tranquillabatur,
925 1349 1229 1441 psallens
1278 1351 1579 1420 suaviter
1626 1351 1697 1419 in
1747 1351 2007 1421 fervore
2055 1351 2366 1442 spiritus,
2422 1353 2715 1444 perinde

143 1442 291 1511 acsi
342 1439 596 1510 faciem
647 1439 906 1508 summi
953 1440 1135 1528 regis
1182 1461 1413 1508 coram
1462 1440 1871 1510 intueretur.
1911 1442 2062 1511 Visa
2094 1452 2197 1513 est
2228 1452 2374 1510 tum
2407 1442 2717 1533 plerum-

144 1553 281 1618 que
318 1528 538 1599 facies
583 1529 735 1618 ejus
781 1526 1132 1597 luculenta
1176 1539 1241 1597 et
1283 1528 1671 1619 splendida,
1727 1529 1820 1599 ita
1865 1542 1942 1598 ut
1998 1551 2136 1598 non
2188 1551 2345 1598 raro
2391 1552 2712 1602 sororum

144 1619 334 1689 oculi
385 1618 489 1687 sic
541 1616 1166 1708 perstringerentur
1214 1639 1292 1686 eo
1343 1618 1731 1708 splendore,
1772 1631 1850 1688 ut
1879 1619 1950 1687 in
1978 1640 2126 1687 eam
2170 1618 2526 1690 intendere
2575 1643 2713 1691 non

147 1720 459 1799 possent.
514 1713 682 1775 Cum
734 1719 963 1775 autem
1012 1705 1405 1776 immodicis
1464 1706 1821 1780 doloribus
1886 1707 2056 1777 adeo
2103 1720 2584 1797 occuparetur,
2636 1722 2715 1780 ut

146 1798 410 1865 divinis
474 1817 613 1864 non
683 1806 909 1884 posset
936 1795 1193 1865 'adesse
1240 1795 1667 1878 ministeriiS,
1722 1798 2085 1887 suspirans
2133 1796 2435 1867 suaviter
2488 1798 2713 1870 excla—

159 1886 429 1954 mabat:
483 1888 579 1953 «Ο
610 1883 846 1954 beatas
875 1883 1030 1953 illas
1075 1906 1253 1971 quae
1301 1897 1590 1974 possunt
1628 1885 1890 1976 jugiter
1921 1885 2176 1955 divinis
2203 1886 2532 1956 interesse
2563 1887 2713 1957 lau—

167 1973 405 2042 dibus:
447 1973 746 2064 plusque
775 1971 1068 2053 dolebat,
1095 1972 1279 2060 quod
1314 1974 1400 2041 ab
1434 1973 1573 2043 illis
1597 1988 1956 2065 cogeretur
1985 1975 2246 2055 abesse,
2282 1997 2492 2062 quam
2524 1977 2708 2064 quod

168 2062 604 2151 gravissimos
654 2061 936 2131 sentiret
981 2062 1273 2132 doloreS.
1300 2085 1336 2128 »

255 2152 293 2237 ξ
342 2156 494 2222 36.
532 2156 713 2220 Cum
748 2151 1127 2237 aliquando
1162 2151 1465 2219 visitaret
1513 2152 2008 2220 monasterium
2057 2151 2433 2238 quoddam,
2489 2155 2707 2223 offen·-

166 2237 266 2307 dit
299 2239 436 2308 illic
482 2240 1076 2309 sanctimonialem
1125 2262 1302 2327 quae
1336 2250 1614 2331 propter
1660 2262 1934 2330 gravem
1965 2241 2285 2310 morbum
2319 2243 2525 2312 annis
2557 2255 2709 2313 octo

156 2351 197 2397 a
244 2328 498 2399 divinis
531 2328 780 2399 officiis
827 2328 1140 2399 abfuerat
1172 2352 1309 2398 non
1350 2328 1612 2415 absque
1658 2329 1877 2398 multo
1925 2329 2141 2398 animi
2191 2327 2449 2399 dolore.
2507 2331 2580 2399 Ei
2621 2333 2710 2402 ad

154 2437 225 2486 se
269 2421 555 2498 accitae,
628 2417 915 2487 comiter
959 2418 1085 2487 ait:
1141 2418 1379 2501 «Quid
1439 2429 1573 2501 est,
1636 2417 2047 2488 dulcissima
2094 2417 2262 2497 filia,
2331 2420 2515 2506 quod
2566 2433 2707 2489 tam

149 2506 358 2599 longo
409 2521 714 2598 tempore
744 2508 906 2578 abes
936 2531 973 2576 a
1005 2508 1336 2578 laudibus
1370 2508 1596 2577 Deir»
1638 2507 2015 2599 Respondit
2049 2506 2204 2576 illa:
2260 2509 2519 2587 «Nihil,
2557 2532 2711 2580 mea

148 2611 393 2677 mater,
433 2595 577 2664 illic
619 2596 720 2666 vel
751 2596 977 2666 dicere
1023 2597 1125 2666 vel
1177 2596 1399 2666 facere
1433 2619 1744 2688 possum,
1785 2598 2023 2667 morbo
2073 2596 2496 2687 impedita.»
2532 2603 2706 2667 Tum

149 2685 400 2765 Coleta,
441 2684 646 2766 «Abi,
686 2686 932 2772 inquit,
987 2686 1117 2756 hac
1167 2697 1362 2755 nocte
1404 2687 1473 2754 in
1527 2686 1776 2755 Christi
1838 2687 2119 2755 nomine
2164 2684 2250 2754 ad
2304 2707 2541 2776 preces
2589 2707 2710 2754 no-

144 2789 458 2854 cturnaS,
497 2785 564 2843 et
592 2773 697 2843 fac
731 2774 827 2842 ibi
875 2797 998 2865 pro
1047 2774 1384 2844 viribuS.»
1434 2776 1614 2844 Fecit
1645 2796 1727 2844 ea
1773 2775 1896 2855 sic,
1936 2787 2003 2845 et
2029 2796 2186 2844 ecce
2213 2796 2450 2845 vocem
2500 2775 2711 2845 sentit

146 2864 283 2932 sibi
324 2863 706 2932 restitutam
740 2861 942 2954 longe
976 2864 1353 2946 meliorem,
1388 2885 1597 2951 quam
1628 2885 1940 2949 unquam
1965 2863 2320 2934 habuisset
2350 2874 2574 2945 antea,
2604 2884 2712 2933 ce-

142 2953 459 3039 cinitque
487 2973 626 3021 non
659 2951 893 3022 minus
940 2952 1136 3034 bene,
1161 2952 1262 3022 vel
1304 2952 1509 3022 etiam
1547 2953 1819 3032 melius,
1847 2975 2058 3040 quam
2091 2952 2265 3021 aliae
2292 2952 2701 3023 incolumes,

144 3047 358 3110 Porro
406 3052 678 3141 praeter
726 3063 962 3141 preces
993 3042 1391 3124 CanonicaS,
1426 3041 1732 3129 quotidie
1782 3041 2047 3132 legebat
2077 3062 2317 3110 omnes
2361 3042 2706 3112 orationes

144 3130 571 3212 Dominicas‚
625 3129 883 3216 quibus
939 3129 1153 3200 laicae
1214 3152 1487 3200 sorores·
1525 3130 1844 3200 divinum
1899 3129 2299 3220 persolvunt
2345 3130 2699 3200 officium:

142 3231 299 3288 tum
323 3240 601 3305 quoque
683 3240 870 3289 reces
898 3219 1210 3289 horarias
1239 3225 1303 3289 S.
1344 3219 1603 3302 CruciS,
1635 3230 1700 3287 et
1729 3219 2045 3310 duplices
2074 3218 2586 3300 defunctorum,
2626 3229 2705 3289 ut

144 3320 417 3389 vocant,
474 3306 618 3398 Vigi
653 3307 776 3388 ias,
814 3320 890 3377 ut
923 3308 1305 3398 plurimum
1348 3330 1593 3378 novem
1628 3307 2027 3387 lectionum,
2068 3307 2420 3378 interdum
2457 3308 2697 3379 trium.

145 3398 360 3488 Signa
418 3396 538 3465 illa
586 3396 978 3467 Dominicae
1024 3397 1355 3467 orationis
1401 3396 1699 3466 habebat
1753 3396 2187 3479 charissima,
2242 3398 2458 3484 eaque
2508 3408 2706 3466 nocte

150 3505 223 3554 ac
256 3484 371 3554 die
418 3484 937 3568 circumferens,
975 3485 1236 3573 absque
1278 3508 1566 3556 numero
1616 3507 1851 3576 preces
1890 3485 1977 3554 ad
2025 3483 2147 3553 illa
2195 3485 2548 3555 recitabat.
2585 3490 2702 3553 In-

150 3585 249 3644 ter
294 3595 414 3644 eas
460 3587 692 3643 autem
741 3596 975 3664 preces
1021 3595 1199 3661 quae
1246 3584 1391 3644 tum
1442 3596 1581 3656 ore,
1636 3587 1784 3645 tum
1834 3583 2061 3642 mente
2108 3572 2523 3656 funduntur,
2561 3572 2706 3643 sin—

143 3663 485 3753 gulariter
513 3683 667 3732 eam
716 3662 1105 3733 afficiebant
1136 3663 1544 3733 Psalterium
1594 3675 1659 3733 et
1690 3674 1952 3753 septem
2004 3660 2259 3731 Psalmi
2306 3684 2467 3731 cum
2517 3661 2702 3731 Lita-

146 3752 285 3822 niis
313 3773 494 3840 quae
514 3775 555 3821 a
576 3750 934 3840 juventute
952 3774 1176 3839 usque
1206 3752 1277 3821 in
1304 3764 1642 3823 senectam
1679 3756 2087 3838 numquam,
2113 3751 2202 3820 ob
2226 3772 2706 3837 quascumque

148 3841 352 3911 etiam
389 3863 560 3911 occu
615 3840 899 3922 ationes,
940 3841 1165 3910 dicere
1200 3841 1681 3932 praetermisit.
1727 3839 2052 3910 Absoluto
2084 3851 2323 3910 autem.
2345 3838 2697 3922 PsalteriO,

150 3928 339 4001 flexis
387 3930 544 4019 gen'
604 3952 711 4011 ηε,
767 3929 1121 4000 humiliter
1151 3942 1218 4000 et
1250 3942 1632 4000 reverenter
1671 3950 1933 3999 munus
1980 3927 2154 3998 illud
2203 3928 2534 4018 exiguum
2568 3933 2701 3998 Deo

152 4018 493 4101 offerebat,
546 4039 757 4088 orans
802 4019 1160 4100 instanter,
1214 4029 1292 4088 ut
1338 4031 1613 4110 gratum
1662 4017 1834 4087 illud
1888 4018 2192 4088 haberet.

239 4111 273 4194 ξ
338 4112 485 4180 22.
539 4106 751 4177 Valde
797 4120 1024 4177 autem
1074 4107 1363 4177 infestus
1427 4107 1487 4177 ei
1551 4119 1697 4177 erat
1755 4105 2086 4187 daemon,
2144 4105 2399 4175 dicenti
2446 4104 2703 4174 Psalte-

160 4193 351 4265 rium.
408 4201 575 4266 Nam
637 4218 842 4287 saepe
880 4196 1199 4267 noctibus
1245 4198 1687 4287 extinguebat
1732 4195 2118 4277 candelam,
2173 4194 2572 4264 effundebat
2629 4216 2702 4263 o-

168 4279 360 4353 leum.
414 4285 676 4356 Accidit
730 4284 1030 4371 quodam
1083 4297 1409 4376 tempore,
1481 4298 1559 4356 ut
1605 4297 1670 4355 et
1720 4284 2092 4354 identidem
2142 4284 2436 4354 daemon
2485 4282 2701 4351 extin-

174 4386 388 4456 gueret
425 4373 845 4464 lampadem,
888 4387 953 4444 et
987 4373 1099 4442 illa
1152 4397 1395 4444 rursus
1442 4396 1595 4444 eam
1645 4374 2070 4444 accenderet.
2110 4373 2409 4442 Tandem
2460 4372 2736 4462 igitur‚‘

176 4469 245 4528 ut
278 4481 423 4533 eam
486 4463 939 4555 perturbaret,
978 4463 1622 4554 importunissimus
1671 4476 1860 4534 satan
1913 4462 2155 4533 effudit
2201 4462 2427 4532 oleum
2481 4470 2695 4529 totum
