3327 4999
242 368 494 435 MART.
554 370 641 434 22
939 386 1020 432 me
1070 386 1126 433 s.
1181 385 1545 434 cunnum
1594 384 1768 432 vme.
1822 385 1900 431 m·
1949 385 2142 434 vnum
2593 369 2723 435 447

235 473 312 541 in
363 470 588 561 capite
637 469 812 538 ferre
861 469 1146 550 solebat,
1194 482 1338 539 erat
1396 469 1582 539 enim
1633 489 1715 537 ex
1755 468 2082 538 nobiliori
2130 469 2531 540 Noricorum
2596 480 2808 540 stem-

237 573 425 628 mate
474 570 645 628 orta.
702 557 856 626 Fuit
887 569 1114 627 autern
1162 558 1333 627 tanti
1385 558 1588 649 pretii
1633 579 1889 626 corona
1938 557 2081 639 illa,
2120 571 2198 628 ut
2245 557 2331 626 ad
2385 559 2591 627 totius
2639 559 2807 627 anni

235 648 504 716 victum
564 652 629 715 S.
688 646 1012 733 Birgittae
1059 658 1125 715 et
1171 646 1357 715 filiae
1417 647 1847 725 catharinae,
1907 647 2166 732 totique
2212 668 2449 715 earum
2503 646 2807 716 familiae

232 735 613 807 suffecerit.
669 734 942 803 Solebat
999 755 1157 803 vero
1207 735 1573 804 Catharina
1641 733 1932 803 Domino
2000 757 2239 825 preces
2287 735 2648 814 oblatura,
2705 735 2804 804 lo·

230 845 401 893 cum
455 834 797 892 secretum
854 835 1214 912 expetere,
1283 833 1359 891 ut
1424 834 1654 914 posset
1720 822 2011 892 liberius
2076 823 2367 892 Domino
2415 844 2535 893 cor
2593 845 2800 893 suum

228 911 619 981 effundere.

324 1001 364 1086 ἓ
427 1004 579 1071 16.
637 998 790 1067 Fuit
837 1019 1003 1067 sane
1052 1009 1240 1068 tanta
1287 1021 1452 1089 erga
1501 999 1850 1089 proximos
1880 998 2355 1069 benevolentia
2401 1009 2467 1068 et
2513 998 2801 1069 commi-

226 1088 609 1173 seratione,
653 1097 733 1156 ut
781 1097 1010 1176 posset
1043 1086 1195 1177 ipsa
1227 1109 1502 1174 quoque
1554 1087 1688 1157 sibi
1748 1110 1923 1157 usur
1974 1110 2090 1157 are
2130 1087 2305 1156 illud
2355 1087 2579 1156 sancti
2624 1089 2792 1157 Job:

219 1177 325 1244 Ab
377 1178 675 1264 infantia
721 1198 874 1243 mea
931 1178 1140 1243 crevit
1193 1198 1453 1245 mecum
1508 1178 1854 1245 miseratio
1941 1178 2062 1245 Job
2093 1181 2291 1257 xxxi),
2334 1197 2586 1266 nempe
2632 1196 2799 1265 erga

225 1265 479 1352 inopes
524 1276 592 1333 et
635 1263 899 1333 morbis
948 1263 1248 1334 affectos.
1317 1263 1588 1333 Solebat
1634 1263 1821 1332 enim
1872 1264 2312 1348 sanctissima
2373 1276 2592 1332 mater
2645 1264 2797 1353 ejus

221 1351 463 1421 adhuc
506 1351 829 1420 tenellam
872 1371 1109 1419 secum
1152 1350 1237 1420 ad
1272 1351 1516 1422 domos
1548 1352 1924 1442 hospitales
1971 1364 2036 1421 et
2084 1354 2479 1421 nosocomia
2509 1352 2785 1433 ducere,

220 1451 292 1508 et
356 1439 503 1508 illic
569 1439 722 1529 ipsa
772 1439 1243 1528 inspectante,
1306 1440 1720 1509 miserorum
1772 1439 2050 1530 plagaS,
2101 1439 2393 1508 vulnera
2447 1451 2513 1509 et
2559 1440 2797 1510 ulcera

110 1555 124 1569 ·
219 1527 379 1598 sine
428 1528 708 1597 horrore
743 1527 891 1596 suis
926 1528 1253 1597 manibus
1301 1528 1539 1597 devote
1585 1540 2032 1609 contrectare,
2088 1528 2308 1596 multa
2366 1549 2642 1615 quoque
2691 1529 2794 1598 eis

218 1615 541 1687 conferre
591 1615 949 1695 beneficia,
990 1627 1055 1685 et
1089 1616 1370 1705 optimis
1404 1616 1844 1686 sermonibus
1885 1616 2041 1686 illos
2090 1616 2474 1685 consolari:
2521 1629 2598 1687 ut
2645 1615 2793 1686 filia

215 1705 377 1794 ejus
410 1704 724 1794 exemplo
773 1703 1065 1773 disceret
1103 1724 1533 1792 peromnem
1582 1717 1870 1774 aetatem
1921 1705 2020 1776 eis
2070 1704 2329 1773 similia
2382 1703 2788 1793 impendere

216 1793 682 1863 humanitatis
729 1791 982 1861 officia.
1047 1796 1255 1861 Erant
1302 1793 1582 1878 quidem
1645 1791 1968 1863 nonnulli
2032 1792 2153 1878 qui
2203 1792 2788 1882 reprehenderent

216 1881 410 1971 piam
466 1895 780 1960 matrem,
834 1878 1018 1966 quod
1068 1890 1338 1950 teneras
1387 1880 1638 1949 filiolas
1689 1903 1853 1951 suas
1892 1879 1976 1949 ad
2027 1880 2098 1948 id
2158 1902 2380 1970 genu-s
2429 1879 2578 1949 loca
2628 1902 2786 1969 per-

216 1970 525 2050 duceret,
582 1968 780 2037 veriti
845 1989 931 2037 ne
977 1968 1146 2054 quid
1197 1968 1297 2037 eis
1357 1969 1627 2037 adversi
1691 1969 2029 2037 accideret
2076 1990 2156 2037 ex
2206 1967 2493 2037 foetore:
2549 1978 2617 2037 at
2665 1968 2788 2039 illa

216 2058 583 2148 respondit
629 2079 710 2126 ea
757 2057 968 2125 causa
1016 2078 1089 2125 se
1138 2055 1205 2123 id
1255 2056 1501 2136 facere,
1555 2068 1631 2126 ut
1681 2057 2025 2126 discerent
2071 2056 2256 2125 filiae
2303 2056 2555 2125 servire
2590 2056 2782 2125 Chri-

217 2157 328 2215 sto
378 2145 447 2213 in
503 2145 839 2214 morbidis
869 2154 934 2213 et
981 2144 1240 2234 egenis.
1281 2148 1358 2212 Et
1392 2157 1569 2213 certe
1618 2144 1803 2212 filiae
1852 2145 2003 2233 ejus
2035 2143 2439 2213 Catharinae
2471 2155 2786 2215 materna

219 2245 373 2302 tum
410 2232 618 2314 dicta,
676 2245 823 2307 tum
856 2232 1169 2322 exempla
1216 2231 1386 2300 adeo
1435 2245 1677 2322 pectus
1717 2243 2258 2331 penetraverant,
2294 2244 2374 2301 ut
2419 2253 2581 2323 erga
2610 2256 2784 2323 pau—

219 2343 426 2411 peres
472 2332 537 2389 et
585 2321 871 2389 afflictos
920 2342 1196 2389 summa
1231 2319 1619 2389 afficeretur
1644 2319 2142 2399 misericordia,
2183 2341 2436 2407 eosque
2463 2332 2607 2388 tum
2646 2343 2785 2391 ser-

214 2409 572 2486 monibus,
610 2420 757 2479 tum
792 2408 1149 2478 beneficiis
1197 2408 1572 2477 liberaliter
1618 2408 2026 2477 confoveret.
2058 2408 2328 2477 Solebat
2369 2430 2525 2477 vero
2571 2409 2778 2479 etiam
2807 2462 2823 2469 -

212 2497 398 2567 clam
451 2498 769 2568 noctibus
809 2496 1013 2566 matri
1063 2497 1133 2565 in
1185 2495 1361 2566 duro
1412 2496 1804 2586 pavimento
1853 2496 2138 2566 cubanti
2196 2508 2468 2586 tegmen
2533 2497 2779 2587 capitis

214 2586 331 2657 sui
382 2608 793 2676 supponere,
850 2585 1092 2654 dolens
1123 2586 1585 2656 venerabilem
1636 2585 1991 2654 dominam
2047 2597 2181 2654 tam
2234 2585 2502 2654 duriter
2534 2607 2606 2655 se
2655 2586 2779 2655 ha-

206 2676 399 2745 bere.
446 2680 523 2743 Et
551 2675 717 2761 quia
765 2673 984 2743 animi
1034 2673 1463 2743 devotionem
1496 2675 1600 2743 vel
1652 2674 1952 2743 maxime
1991 2673 2386 2763 impediunt
2416 2673 2665 2742 mundi
2713 2686 2779 2743 et

206 2764 446 2832 carnis
478 2763 845 2844 desideria,
877 2783 958 2829 ea
990 2772 1319 2849 tanquam
1360 2763 1549 2832 virus
1599 2762 2031 2831 mortiferum
2060 2783 2500 2851 summopere
2530 2772 2778 2830 conata

206 2863 313 2921 est
363 2852 754 2941 profligare,
820 2861 886 2920 et
950 2861 1028 2917 ut
1076 2863 1306 2939 posset
1356 2855 1480 2941 pro
1530 2850 1813 2919 modulo
1878 2872 2005 2921 suo
2069 2850 2334 2919 Christo
2384 2871 2456 2920 se
2504 2849 2776 2918 confor-

204 2960 422 3019 mare,
460 2940 580 3026 qui
628 2962 786 3008 cum
825 2938 1017 3006 dives
1041 2951 1240 3020 esset,
1292 2951 1569 3029 propter
1600 2961 1726 3007 nos
1774 2940 2036 3028 egenus
2097 2938 2318 3008 factus
2366 2948 2490 3016 est,
2536 2949 2601 3006 et
2641 2937 2773 3007 hu—

205 3027 507 3096 miliavit
554 3027 1043 3117 semetipsum:
1114 3039 1588 3118 paupertatem
1637 3038 1704 3095 et
1751 3027 2187 3116 abjectiorem
2240 3025 2515 3094 vivendi
2566 3026 2773 3096 ratio-

202 3137 367 3184 nem
419 3115 600 3185 ultro
648 3115 1006 3205 complexa
1053 3126 1195 3185 est:
1251 3115 1634 3201 mundique
1666 3114 1947 3184 calcatis
1981 3115 2263 3193 divitiis,
2301 3113 2775 3204 voluptatibus

200 3214 269 3273 et
311 3225 467 3293 pom
528 3204 609 3285 is,
663 3204 880 3272 immo
930 3202 1083 3291 ipsa
1111 3224 1387 3288 quoque
1428 3203 1750 3293 propriae
1797 3202 2171 3272 voluntatis
2205 3202 2526 3272 abdicata
2558 3202 2770 3271 liber-

203 3303 365 3371 tate,
436 3314 474 3360 a
509 3293 633 3361 teri
690 3313 762 3360 se
812 3313 933 3390 per
982 3289 1440 3360 obedientiam
1495 3291 1815 3377 subjecit.
1873 3302 1937 3360 et
1984 3291 2292 3372 exilium,
2350 3290 2767 3379 posthabitis

199 3379 586 3449 amicorum
641 3379 927 3459 solatiis,
966 3379 1121 3469 ipsa
1162 3380 1383 3468 patria
1432 3379 1715 3448 charius
1749 3379 2016 3460 habuit,
2055 3391 2132 3447 ut
2185 3391 2409 3461 posset
2463 3378 2770 3448 dilectis-

199 3467 383 3537 simo
418 3468 708 3538 Domino
757 3489 883 3537 suo
911 3478 978 3536 et
1015 3467 1223 3536 rebus
1272 3466 1685 3536 coelestibus
1718 3467 1936 3535 animi
1984 3466 2436 3536 intentionem
2475 3465 2767 3536 liberius

196 3555 503 3646 affigere.
558 3561 751 3625 Hanc
799 3578 957 3625 vero
990 3556 1142 3644 ejus
1189 3555 1650 3626 voluntariam
1712 3555 1824 3624 sui
1884 3555 2338 3644 abjectionem
2382 3553 2766 3624 munificus

195 3645 318 3713 ille
353 3643 1089 3714 castarum⁸mentium
1142 3665 1442 3732 sponsus
1493 3643 1805 3713 Christus
1836 3648 2039 3711 Jesus
2071 3642 2279 3712 etiam
2321 3642 2392 3709 iu
2444 3641 2573 3710 hac
2621 3643 2762 3712 vita

195 3735 273 3801 in
310 3733 604 3823 gloriam
642 3732 1116 3801 commutavit.
1155 3736 1323 3800 Nam
1376 3753 1536 3801 cum
1588 3730 1966 3817 aliquando
1998 3730 2341 3817 quaedam
2392 3728 2767 3799 nobiliores

193 3827 549 3891 Romanae
587 3831 941 3890 matronae
980 3830 1287 3911 peterent
1333 3842 1375 3888 a
1423 3830 1640 3888 matre
1686 3820 1861 3907 eJUS,
1901 3831 1978 3887 ut
2075 3817 2448 3887 ermitteret
2498 3818 2562 3886 ei
2591 3840 2758 3887 curn

190 3909 372 4001 ipsis
421 3909 641 3978 animi
690 3912 899 3979 causa
948 3920 1136 3978 extra
1169 3929 1408 3978 muros
1439 3907 1697 3997 egredi,
1736 3906 1946 3992 idque
1978 3929 2017 3975 o
2099 3906 2379 3975 illarum
2413 3905 2764 3996 insignem

250 3998 612 4068 robitatem
663 4009 883 4067 mater
930 4008 1287 4078 annueret,
1354 3995 1479 4065 ubi
1529 3995 1615 4064 ad
1681 3994 2041 4063 vinearum
2092 3994 2428 4063 macerias
2476 4008 2760 4063 ventum

221 4086 348 4166 uit,
385 4086 835 4172 viderentque
883 4097 1237 4155 matronae
1285 4085 1517 4154 botros
1555 4082 1739 4153 ultra
1787 4083 2124 4152 macerias
2160 4082 2612 4173 propendere,
2648 4104 2760 4151 ro-

190 4176 454 4267 gabant
503 4180 567 4244 S.
608 4174 1071 4255 Catharinam,
1115 4185 1194 4243 ut
1226 4172 1381 4241 illos
1414 4171 1645 4241 botros
1695 4171 1868 4260 ipsis
1916 4171 2332 4261 decerperet.
2378 4176 2535 4240 Erat
2563 4170 2754 4240 enim

189 4266 475 4355 procera
516 4264 826 4353 corporis
876 4263 1162 4345 statura,
1209 4273 1476 4351 praeter
1504 4260 1679 4329 alias
1718 4280 1876 4350 egre
1928 4259 2029 4328 ias
2055 4259 2420 4346 utriusque
2451 4257 2758 4328 hominis

188 4353 382 4422 dotes
443 4374 620 4439 quae
680 4374 834 4421 eam
892 4351 1163 4420 cunctis
1222 4348 1602 4419 reddebant
1658 4348 1890 4417 amabi
1921 4368 2052 4417 em.
2125 4348 2253 4417 Illa
2318 4370 2476 4416 vero
2526 4345 2755 4415 studio

190 4441 626 4532 paupertatis
665 4440 814 4531 jam
886 4439 1201 4511 manicas
1266 4437 1566 4508 habebat
1633 4436 1899 4508 attritas
1964 4448 2030 4506 et
2085 4446 2413 4507 consutas
2446 4490 2462 4518 ,
2535 4454 2759 4520 neque
