3327 4999
674 322 803 389 376
1284 338 1365 387 nn
1410 339 1467 385 S.
1518 335 1893 387 vntrmno
1938 339 2137 388 ansc-
2190 340 2416 389 samon.
2733 319 2980 387 MART.
3029 320 3129 386 20

582 424 764 492 Haec
811 420 1080 491 dicente
1124 428 1192 490 et
1235 418 1518 489 docente
1559 423 1624 490 S.
1686 418 2030 509 pontifice,
2095 420 2298 490 multi
2337 419 2699 490 Frisonum
2747 418 3129 489 credebant

583 523 651 580 et
693 509 1240 599 baptizabantur,
1279 506 1625 599 praedicto
1649 529 1810 598 rege
1857 507 1927 577 in
1968 531 2052 599 pa
2107 509 2374 579 anismo
2425 519 2916 599 perseverante.
2948 511 3125 578 Nam

583 620 626 669 a
656 620 850 669 sacro
878 597 1062 670 fonte
1086 595 1448 667 infeliciter
1477 595 1776 676 recessit,
1811 607 1876 666 et
1894 597 2039 687 jam
2059 532 2628 678 &illebrorduQ
2665 608 3128 688 cognomento

583 687 1021 768 Clementem,
1063 686 1466 776 episcopum
1514 698 1580 755 et
1624 683 1970 755 doctorem
2005 684 2347 775 praefatae
2380 685 2604 776 gentis
2652 684 2976 755 accersiri
3022 683 3127 755 fe-

582 776 698 856 cit,
734 788 814 846 ut
858 776 945 845 ad
991 775 1143 866 ejus
1188 772 1503 845 consulta
1550 773 1761 845 simul
1795 795 1956 843 cum
1986 780 2057 844 B.
2095 773 2472 845 Vulfranno
2503 774 2572 843 in
2610 774 2922 844 doctrina
2950 794 3129 845 suae

582 863 939 953 religionis
985 863 1443 934 concordante
1502 861 1887 933 efficeretur
1950 862 2402 935 Christianus.
2457 863 2585 933 Sed
2633 862 2986 950 quoniam,
3042 874 3130 933 ut

584 952 921 1043 scripturn
955 965 1078 1035 est,
1116 955 1188 1021 in
1210 953 1615 1023 malevolam
1642 953 1942 1021 animam
1970 975 2100 1021 non
2131 953 2793 1043 introibz‘t'sapientia
2818 951 3011 1042 (Sap.
3036 950 3130 1040 1):

582 1041 750 1129 quia
794 1041 1175 1111 dubitando
1224 1062 1346 1131 per
1382 1039 1618 1110 omnia
1651 1040 1719 1108 in
1772 1039 1909 1109 fide
1945 1040 2304 1121 catholica,
2340 1040 2778 1127 et-tentando
2839 1051 3125 1112 sanctos

582 1129 918 1200 antistites
950 1130 1378 1218 loquebatur,
1434 1128 1588 1198 ideo
1635 1128 1942 1198 obtinere
1989 1151 2126 1199 non
2175 1129 2451 1211 meruit,
2503 1129 2687 1216 quod
2729 1128 2882 1199 ficte
2906 1150 3130 1213 quae-

580 1219 795 1289 rebat.
834 1223 1002 1288 Cum
1038 1240 1191 1287 vero
1221 1218 1372 1309 ejus
1422 1217 1723 1306 legatum
1773 1239 1981 1308 super
2019 1218 2146 1288 hoc
2196 1218 2372 1288 facto
2407 1218 2846 1308 suscepisset,
2884 1216 3125 1287 Wille-

583 1307 879 1377 brordus
932 1306 1366 1397 respondisse
1412 1305 1662 1376 fertur:
1717 1306 1946 1388 «Quia
1996 1306 2573 1396 praedicationem
2622 1306 2842 1378 sancti
2889 1305 3127 1376 fratris

582 1396 796 1466 nostri
847 1395 1205 1466 vulfranni
1262 1393 1607 1485 pontificis
1673 1393 1814 1463 dux
1873 1407 2094 1465 vester
2152 1395 2393 1465 audire
2453 1395 2888 1485 contempsit,
2943 1394 3124 1465 meis

582 1484 929 1572 quomodo
973 1483 1473 1555 obsecundabit
1518 1482 1770 1552 dictis?
1816 1488 1981 1552 Nam
2019 1484 2147 1553 hac
2198 1496 2393 1554 nocte
2432 1483 2573 1553 vidi
2621 1483 2816 1553 illum
2853 1484 2925 1551 in
2967 1483 3127 1554 visu

581 1575 824 1644 catena
864 1572 1226 1663 religatum
1259 1572 1484 1664 ignea.
1532 1571 1723 1641 Unde
1755 1584 2019 1641 certum
2067 1572 2211 1643 fore
2259 1585 2546 1653 constat,
2601 1572 3125 1642 damnationem
3180 1619 3186 1623 ·

581 1661 779 1731 illurn
823 1662 967 1752 jam
1004 1661 1299 1732 subiisse
1340 1672 1762 1730 aeternam.»
1796 1665 2100 1748 Cumque
2143 1661 2268 1731 iter
2292 1673 2621 1751 carperet,
2660 1661 2844 1747 quod
2879 1660 2966 1730 ad
2996 1661 3126 1732 do-

581 1771 776 1820 mum
810 1750 1116 1840 ejusdem
1167 1749 1477 1818 damnati
1524 1748 1726 1817 ducis
1771 1748 2089 1829 ducebat,
2154 1750 2526 1819 nunciatur
2571 1750 2633 1818 ei
2683 1750 2916 1840 ipsum
2970 1751 3127 1820 sine

579 1837 909 1929 baptismi
954 1850 1381 1909 sacramento
1404 1837 1546 1924 jam
1578 1859 1729 1908 esse
1762 1849 2137 1908 mortuum.
2179 1840 2425 1926 Sicque
2450 1851 2769 1929 coeptum
2795 1838 3126 1909 deserens

583 1928 732 2010 iter,
775 1927 861 1998 ad
910 1926 1188 2018 propria
1235 1926 1583 2016 repedavit
1614 1925 2030 1996 habitacula.

672 2018 709 2105 ξ
758 2022 852 2086 9.
929 2014 1349 2086 Venerabilis
1407 2026 1636 2085 autem
1687 2015 1957 2105 praesul
2026 2015 2494 2098 vulfrannus,
2562 2037 2721 2085 cum
2791 2014 3126 2085 tenuisset

583 2105 1063 2196 pontificatum
1115 2104 1526 2175 Senonensis
1573 2105 1793 2185 urbiS‚
1845 2125 2003 2174 cum
2058 2104 2334 2174 licentia
2382 2104 2562 2194 regis
2610 2103 3025 2174 childeberti
3058 2114 3125 2174 et

581 2194 810 2296 Pipini
842 2193 1201 2285 principis,
1236 2192 1321 2262 ad
1357 2193 1897 2284 praedicandum
1950 2193 2290 2283 praefatae
2337 2195 2698 2263 Frisonum
2741 2193 2954 2283 genti,
2991 2193 3126 2263 sic-

583 2296 690 2353 uti
736 2283 1068 2354 divinitus
1116 2282 1250 2352 sibi
1296 2281 1515 2352 fuerat
1563 2281 1961 2361 revelatum,
2012 2283 2325 2351 animum
2375 2281 2752 2362 convertit,
2815 2282 2937 2368 qui
2975 2292 3124 2351 erat

583 2394 813 2443 annus
862 2370 1254 2441 Dominicae
1301 2371 1797 2442 incarnationis
1836 2371 2511 2462 septingentesimus,
2571 2369 2798 2460 Pipini
2843 2391 3124 2457 quoque

580 2460 920 2554 principis
949 2482 1177 2532 annus
1220 2465 1329 2530 ¹13.
1382 2458 1574 2543 Quod
1615 2480 1791 2550 opus
1836 2481 1958 2551 per
2004 2481 2223 2532 annos
2261 2460 2570 2548 quinque
2601 2457 3123 2551 infatigabiliter

581 2550 867 2642 peregit,
919 2549 1005 2619 ad
1058 2548 1521 2619 Fontanellam
1574 2549 2068 2620 monasterium
2118 2549 2396 2640 saepius
2443 2561 2830 2628 revertens,
2884 2549 3009 2619 ubi
3056 2559 3122 2618 et

583 2637 1065 2710 monachicum
1118 2648 1586 2727 assumpserat
1632 2637 1972 2707 habitum.
2026 2643 2101 2706 In
2152 2638 2392 2708 eadem
2430 2638 2621 2708 verbi
2684 2639 2800 2707 Dei
2849 2638 3123 2727 praedi-

581 2728 850 2799 catione
901 2740 1301 2817 occupatus,
1353 2738 1420 2794 et
1470 2725 1541 2794 in
1591 2725 1837 2815 majori
1884 2739 2232 2796 senectute
2268 2727 2417 2816 jam
2484 2727 2750 2819 positus
2804 2727 3006 2815 (Nam
3054 2738 3124 2796 et

582 2816 842 2909 pedum
889 2814 1122 2885 dolore
1177 2814 1564 2902 frequenter
1609 2814 2022 2904 vexabatur)
2064 2815 2379 2884 ordinato
2432 2815 2501 2883 in
2551 2815 2953 2906 episcopatu
3003 2819 3122 2885 Se-

583 2904 874 2976 nonicae
920 2904 1116 2974 urbis
1167 2905 1402 2973 Gerico
1452 2903 1838 2973 venerando
1877 2903 2220 2994 pontifice,
2274 2904 2552 2974 secessit
2598 2903 2683 2974 ad
2736 2902 3122 2993 praefatum

568 2991 1018 3080 ‚Fontanellae
1054 2991 1497 3072 coenobium,
1549 2991 1782 3079 ibique
1828 2991 2268 3083 regularibus
2329 2992 2651 3064 subditus
2698 2992 2870 3061 disci
2927 2991 3116 3071 linis,

581 3101 907 3152 coronam
941 3081 1335 3171 expectabat
1367 3092 1739 3150 aeternam.
1783 3086 1952 3151 Nam
2011 3093 2078 3150 et
2123 3081 2194 3150 in
2245 3081 2374 3150 hoc
2422 3081 2837 3151 monasterio
2931 3081 3125 3151 asili·

583 3192 735 3240 cam
785 3171 857 3239 in
906 3169 1163 3239 honore
1202 3175 1267 3239 S.
1314 3168 1640 3259 Stephani
1673 3169 1879 3260 primi
1926 3170 2248 3259 martyris
2277 3170 2654 3250 fabricavit,
2682 3171 2884 3261 juxta
2908 3191 3123 3270 quam

582 3259 1012 3329 mansionem
1061 3258 1283 3328 eidem
1332 3270 1901 3348 praeparaverant
1946 3257 2210 3329 fratres:
2262 3259 2388 3330 ubi
2451 3258 2685 3329 divino
2732 3258 2953 3328 cultui
2998 3258 3122 3327 de·-

581 3348 792 3428 ditus,
849 3346 1158 3418 solicitus
1190 3347 1417 3436 operis
1467 3346 1582 3416 Dei
1628 3369 1868 3417 curam
1915 3348 2301 3417 exhibebat:
2353 3370 2529 3435 quae
2575 3348 2873 3418 distabat
2919 3369 2960 3416 a
2998 3347 3123 3416 ba-

582 3435 779 3509 silica
825 3440 892 3505 S.
955 3435 1249 3523 Apostoli
1298 3435 1492 3505 Pauli
1537 3436 1860 3526 passibus
1908 3437 2047 3506 fere
2083 3441 2191 3506 30.
2255 3436 2467 3506 Annis
2522 3436 2752 3524 itaque
2799 3434 3122 3526 pluribus

582 3547 825 3616 expers
869 3537 1014 3595 erat
1062 3523 1318 3595 lectuli.
1372 3524 1581 3612 Cujus
1626 3546 1877 3609 corpus
1922 3526 2054 3595 sub
2094 3525 2487 3595 monachali
2533 3525 2771 3596 tunica
2806 3524 3120 3594 cilicium

584 3614 874 3705 tegebat.
956 3619 1121 3684 Nam
1174 3624 1239 3682 et
1285 3611 1580 3704 aegrotis
1634 3612 1972 3683 medelam
2018 3614 2112 3683 ita
2165 3613 2600 3695 conferebat,
2660 3627 2739 3684 ut
2785 3634 3123 3701 quocum-

580 3723 716 3790 que
747 3703 904 3789 quis
951 3702 1282 3803 languore
1334 3702 1660 3772 detensus
1709 3702 1990 3784 fuisset,
2056 3703 2119 3773 si
2164 3703 2252 3772 ab
2305 3724 2384 3774 eo
2442 3702 2751 3784 visitari,
2802 3701 3158 3772 benedici.

582 3813 664 3861 ac
710 3803 1116 3862 contrectar1
1164 3791 1548 3872 meruisset,
1602 3791 2062 3862 incolumitati
2112 3814 2268 3861 mox
2316 3791 2645 3882 pristinae
2689 3791 3115 3862 redderetur.

580 3879 698 3949 vir
733 3901 1033 3967 namque
1079 3880 1513 3950 venerandus
1546 3880 1972 3970 Bertgandus
2020 3881 2426 3964 monachus,
2465 3893 2757 3972 patruus
2804 3879 3123 3950 videlicet

580 3968 958 4040 Wandonis
1004 3967 1305 4050 Abbatis,
1357 3991 1437 4039 ex
1475 3991 1552 4039 ea
1590 3969 1930 4059 passione,
1991 3990 2168 4056 quae
2224 3973 2477 4039 Graeco
2526 3968 2798 4056 eloquio
2847 3967 3122 4059 paraly-

582 4055 684 4128 sis
723 4057 999 4139 dicitur,
1055 4056 1144 4127 ita
1176 4058 1408 4129 subita
1459 4059 1930 4129 membrorum
1988 4057 2442 4128 dissolutione
2476 4079 2847 4149 percussus
2897 4056 3125 4127 fuerat

579 4157 657 4217 ut
721 4157 788 4216 et
834 4145 1174 4233 loquelam
1227 4147 1478 4229 pariter
1529 4157 1595 4216 et
1640 4168 1846 4216 omne
1892 4147 2200 4237 corporis
2246 4146 2554 4217 officium
2602 4146 2965 4217 amitteret.
3017 4145 3120 4215 Ad

580 4256 786 4322 quem
837 4257 997 4304 cum
1048 4239 1117 4306 B.
1171 4235 1421 4307 Christi
1468 4234 1766 4324 pontifex
1798 4234 2219 4305 vulfrannus
2258 4234 2620 4306 visendum
2669 4234 2987 4312 venisset,
3053 4245 3124 4304 et

582 4324 731 4393 oleo
786 4323 1162 4426 pontificali
1212 4323 1687 4393 benedictione
1740 4336 2135 4395 consecrato
2195 4345 2356 4395 eum
2416 4324 2780 4416 tetigisset,
2846 4322 3122 4393 incolu-

582 4412 805 4484 mitan
862 4433 1020 4485 mox
1085 4411 1416 4504 pristinae
1474 4411 1784 4484 redditus
1845 4423 1992 4496 est,
2052 4411 2423 4505 fugataque
2490 4426 2592 4484 est
2654 4412 2811 4483 ilico
2885 4412 3120 4482 omnis
