3327 4999
649 324 779 387 332
1287 340 1366 384 na
1416 339 1472 384 S.
1528 334 1881 383 nssmnssaro
1929 335 2150 383 coron,
2205 334 2402 382 muse.
2725 316 2971 383 MART.
3028 316 3117 383 16

468 458 475 483 ι
554 425 773 494 fuisse
818 421 1179 513 comperit,
1226 433 1291 489 et
1323 421 1492 511 ipse,
1533 434 1610 489 ut
1642 420 1979 501 audierat,
2032 441 2150 489 ore
2248 420 2479 508 roprio
2526 421 2940 489 denarravit.
2978 426 3117 490 Nec

558 512 674 581 sui
724 534 884 581 vero
934 511 1268 579 transitus
1317 509 1818 590 tantummodo,
1875 507 1990 578 sed
2054 520 2119 576 et
2164 529 2205 575 o
2258 508 2396 577 itus
2462 510 2904 598 Imperatoris
2952 529 3120 598 pro-

560 600 835 690 phetico
863 599 1115 689 spiritu
1164 598 1277 665 hic
1325 610 1608 666 sanctus
1645 597 1748 664 vir
1785 596 1900 664 Dei
1938 595 2293 685 praescius
2323 595 2560 678 extitit,
2596 598 2780 684 quod
2811 610 3126 687 postmo-

555 688 730 757 dum
783 709 908 757 suo
957 686 1107 754 loco
1156 707 1484 775 praesens
1537 685 1840 753 narratio
1888 705 2025 752 non
2082 684 2350 752 tacebit.

643 779 680 863 ξ
732 780 897 846 26.
973 774 1195 863 Igitur
1246 785 1399 862 post
1444 772 1830 843 discessum
1882 777 1981 840 Im
2039 772 2327 840 cratoris
2376 771 2617 841 beatus
2682 773 3120 853 Heribertus,

555 864 769 952 longa
816 862 889 930 in
923 862 1053 931 hoc
1100 861 1335 930 seculo
1384 859 1936 951 peregrinatione
2011 860 2331 949 atigatuS,
2363 882 2524 928 curn
2562 862 2926 950 suspirans
2960 882 3126 950 pro-

558 952 856 1052 spiceret
904 950 1338 1019 mansionem
1389 961 1736 1017 aeternam
1774 948 2034 1037 patriae
2065 948 2400 1027 coelestiS,
2440 948 2718 1017 tandem
2754 948 2939 1018 febre
2968 970 3130 1017 cor-

558 1039 852 1128 ripitur:
906 1050 972 1106 et
1019 1059 1176 1106 ecce
1247 1058 1486 1106 servus
1553 1036 1826 1105 Domini
1890 1058 2013 1125 pro
2080 1036 2232 1125 ipsa
2278 1037 2745 1125 expectatione
2785 1037 3118 1127 pervigil,

556 1127 813 1196 sentire
861 1146 1011 1195 sese
1059 1126 1435 1195 arbitratus
1473 1136 1606 1205 est,
1668 1123 1850 1210 quod
1901 1125 2046 1213 Jam
2113 1124 2416 1205 veniret,
2460 1124 2752 1213 jamque
2799 1126 3118 1215 pulsaret

560 1214 918 1291 Dominus,
973 1226 1050 1282 ut
1098 1213 1230 1282 sibi
1280 1213 1689 1302 aperiretur.
1738 1217 1894 1280 Erat
1938 1224 2165 1280 autem
2229 1225 2394 1280 tunc
2443 1213 2773 1313 temporis
2822 1213 2890 1281 in
2943 1236 3125 1299 qua-

557 1303 717 1370 dam
759 1324 925 1370 suae
975 1301 1311 1370 dioecesis
1351 1300 1536 1380 villa,
1572 1322 1751 1386 quae
1781 1300 2026 1369 Nussia
2058 1300 2335 1368 dicitur.
2376 1304 2541 1368 Cum
2578 1302 2791 1389 igitur
2822 1313 3122 1392 urgente

556 1402 762 1476 atque
809 1390 877 1457 in
939 1402 1327 1459 ravescente
1376 1389 1692 1457 molestia
1741 1401 2097 1456 vexaretur
2127 1442 2141 1467 ‚
2199 1392 2488 1478 propere
2537 1389 2888 1457 Coloniam
2959 1390 3128 1459 mit-

560 1491 753 1559 tenS‚
815 1478 911 1546 Ab
964 1490 1139 1546 atem
1193 1477 1407 1545 Eliam
1451 1476 1830 1545 accersivit.
1887 1481 2033 1557 Quo
2082 1476 2418 1557 veniente,
2486 1476 2657 1566 ipse,
2715 1477 3121 1546 secundum

560 1578 1009 1656 praeceptum
1059 1565 1395 1654 Apostoli,
1456 1586 1652 1633 sacro
1701 1575 1803 1633 est
1850 1576 2105 1633 unctus
2154 1564 2303 1632 oleo
2355 1565 2425 1631 in
2477 1566 2759 1633 nomine
2810 1566 3116 1651 Domini,

556 1655 951 1743 pariterque
1023 1654 1332 1743 corporis
1406 1665 1472 1723 et
1546 1651 1910 1721 sanffuinis
1960 1652 2298 1720 Dominici
2358 1653 2810 1721 sacramentis
2881 1654 3127 1722 muni-

556 1755 693 1823 tus,
748 1753 915 1810 tunc
964 1741 1248 1810 demum
1296 1741 1574 1810 carinae
1622 1704 1857 1810 ill³atus
1902 1752 2040 1820 est,
2095 1752 2172 1808 ut
2219 1739 2566 1809 Coloniam
2633 1742 3121 1810 deduceretur.

557 1834 746 1899 Tunc
819 1830 891 1897 in
958 1830 1435 1918 Apostolorum
1509 1828 1848 1918 principis
1925 1828 2301 1897 oratorium
2369 1830 2580 1918 jussu
2643 1851 2769 1898 suo
2816 1829 3120 1912 delatuS‚

557 1928 764 2004 atque
804 1938 1037 1986 coram
1096 1917 1296 1985 altari
1347 1927 1624 1985 sanctae
1683 1916 1939 1997 Crucis,
1993 1916 2176 2002 quod
2227 1916 2311 1984 ad
2364 1917 2670 1985 medium
2724 1918 2933 1986 situm
2988 1931 3120 2000 est,

561 2004 943 2095 deposituS‚
997 2017 1202 2094 prout
1247 2005 1485 2085 valuit,
1542 2004 1767 2094 capite
1812 2003 2171 2089 oculisque
2210 2026 2290 2073 ac
2339 2005 2666 2075 manibus
2723 2005 2792 2073 in
2844 2005 3126 2075 coelum

562 2095 929 2183 protensis,
970 2092 1306 2182 prolixius
1351 2093 1591 2163 oravit.
1646 2092 1940 2162 Aderant
1989 2114 2288 2178 namque
2336 2102 2474 2160 tam
2526 2114 2608 2161 ex
2667 2093 2850 2162 clero
2903 2116 3127 2180 quam

558 2203 640 2250 ex
690 2181 949 2272 populo
994 2181 1521 2271 quamplurimi,
1576 2182 1907 2251 mirantes
1952 2181 2207 2270 pariter
2253 2192 2316 2248 et
2363 2182 2760 2270 compuncti
2796 2203 2922 2270 pro
2957 2205 3124 2252 sua·

558 2270 765 2338 vitate
811 2270 1198 2339 orationum
1249 2281 1314 2338 et
1362 2269 1610 2359 pietate
1647 2269 2132 2359 supplicantis,
2187 2269 2504 2338 Oratione
2534 2291 2696 2359 ergo
2728 2271 2908 2339 bono
2939 2292 3111 2339 cum

554 2357 766 2427 odore
814 2380 894 2426 ac
943 2358 1265 2447 religioso
1311 2357 1624 2447 exemplo
1671 2356 2033 2446 completa,
2073 2356 2144 2424 in
2176 2356 2581 2425 cubiculum
2617 2358 2914 2427 oratorio
2942 2380 3115 2427 con-

548 2446 874 2538 junctum
923 2445 1193 2516 delatus
1239 2459 1363 2516 est.
1408 2445 1806 2515 Praedictus
1838 2445 2058 2516 Abbas
2088 2445 2175 2514 ab
2208 2445 2445 2513 eodem
2484 2467 2607 2534 pro
2640 2445 3122 2517 consolatione

556 2547 886 2615 retentuS,
940 2535 1291 2604 continuis
1338 2535 1614 2603 duabus
1663 2535 2006 2614 noctibUS,
2043 2534 2166 2602 ubi
2215 2556 2463 2624 parum
2498 2534 2661 2619 quid
2706 2535 2931 2604 somni
2970 2557 3128 2626 per-

556 2624 875 2712 cepisset,
929 2623 1314 2692 visionibus
1361 2622 1771 2691 clarissimis
1819 2622 2335 2702 instruebatur,
2390 2622 2574 2707 quod
2624 2622 2863 2691 eadem
2916 2623 3122 2693 infir-

556 2712 792 2780 mitate
841 2711 989 2780 sine
1043 2711 1259 2780 dubio
1309 2711 1489 2779 idem
1541 2708 1712 2779 soret
1758 2732 1795 2778 e
1843 2731 2129 2800 corpore
2179 2710 2628 2798 migraturus,

643 2802 680 2884 ξ
750 2803 896 2870 22.
951 2804 1118 2868 Cum
1168 2820 1332 2888 ergo
1380 2798 1640 2884 absque
1671 2798 1886 2868 dubio
1915 2820 2035 2887 per
2066 2798 2445 2886 praesentis
2472 2797 2932 2885 aegritudinis
2962 2820 3124 2869 mo·-

554 2886 825 2956 lestiam
876 2886 1184 2976 pulsaret
1233 2886 1589 2966 Dominus,
1651 2886 1764 2955 hic
1812 2907 2053 2955 servus
2101 2885 2327 2954 fidelis
2382 2887 2651 2976 aperire
2700 2886 2804 2954 illi
2854 2909 3115 2977 prope-

553 2975 772 3054 rabat,
809 2975 1067 3043 lumbis
1105 2974 1531 3064 jamdudum
1565 2974 2000 3063 praecinctiS,
2035 2984 2101 3041 et
2134 2973 2438 3044 lucernis
2467 2974 2650 3043 clare
2677 2974 3115 3045 ardentibus.

554 3063 1155 3133 Distribuebantur
1199 3062 1458 3141 omnia,
1498 3084 1678 3147 quae
1717 3060 2229 3151 superfuerant,
2285 3062 2735 3151 pauperibuS‚
2774 3074 2851 3131 ut
2891 3063 3124 3162 prose-

552 3163 794 3220 cturus
840 3150 928 3219 ad
976 3162 1251 3219 aeterna
1302 3149 1768 3230 tabernacula,
1825 3172 1962 3238 pau
2015 3170 2089 3217 er
2146 3149 2293 3238 ipse
2342 3163 2537 3238 grata
2583 3150 2730 3219 vice
2771 3172 3116 3240 recipere-

557 3251 695 3307 tur.
731 3238 1098 3309 Residebat
1144 3249 1372 3307 autern
1423 3237 1519 3306 ad·
1558 3250 1769 3327 caput
1795 3237 1971 3307 lectu
2007 3237 2026 3305 i
2076 3236 2283 3306 frater
2328 3238 2483 3337 ejus
2533 3242 2793 3320 ComeS‚
2829 3240 3120 3309 nomine

555 3331 1030 3397 Gezemannus
1061 3380 1075 3407 ,
1144 3325 1462 3415 profusas
1526 3325 1868 3415 lacrymas
1915 3338 2118 3412 atque
2166 3326 2644 3396 amarissimos
2692 3328 3122 3399 continuans

552 3416 877 3570 {gemitus
913 3414 1097 3483 velut
1129 3413 1250 3499 qui
1298 3413 1366 3481 in
1407 3433 1660 3504 magno
1710 3414 1951 3504 pelago
1995 3426 2466 3503 tempestatem
2502 3414 3113 3515 circumspiciens,

583 3514 905 3589 ractoque
953 3501 1423 3592 gubernaculo
1472 3501 1854 3592 naufragus
1933 3502 2412 3571 ericlitaretur.
2452 3502 2574 3571 Cui
2608 3502 2711 3570 vir
2743 3502 3114 3591 piissimus

556 3590 750 3659 valde
796 3590 1247 3679 compatiens:
1302 3590 1548 3671 «Quid,
1579 3590 1830 3677 inquit,
1866 3526 2074 3659 lssater
2106 3590 2225 3670 mi,
2266 3602 2402 3658 tam
2461 3589 2846 3660 miserabili
2879 3602 3126 3660 temet·

552 3677 784 3767 ipsum
834 3676 1053 3746 afficis
1091 3676 1397 3767 ejulatu?
1445 3684 1674 3759 Parce,
1719 3700 2000 3766 quaes0,
2043 3678 2370 3767 lacrymis
2399 3690 2463 3746 et
2493 3678 2909 3769 gemitibus:
2946 3680 3124 3764 quia

555 3766 998 3855 sperantibus
1060 3765 1129 3833 in
1182 3787 1254 3833 se
1303 3787 1439 3834 non
1490 3766 1709 3836 deerit
1756 3766 2198 3848 consiliarius
2244 3779 2308 3835 et
2355 3766 2747 3836 consolator
2778 3772 2980 3836 DeuS.
3019 3773 3128 3838 Tu

557 3875 721 3942 ergo
758 3853 945 3942 jacta
978 3854 1351 3944 cogitatum
1404 3865 1600 3923 tuum
1650 3855 1721 3923 in
1771 3855 1929 3924 illo:
1984 3866 2049 3924 et
2095 3854 2258 3939 quia
2304 3855 2574 3924 cunctis
2616 3855 2682 3922 in
2722 3855 2851 3925 hoc
2883 3855 3127 3925 seculo

550 3941 824 4009 vivendi
866 3953 1140 4032 tempus
1189 3943 1391 4012 breve
1428 3954 1553 4024 est,
1607 3954 1674 4012 et
1723 3943 2022 4033 migrare
2069 3954 2354 4032 oportet,
2386 3943 2878 4012 nuncinterim
2911 3965 3120 4033 prae-

554 4050 819 4118 parare,
872 4042 937 4098 et
985 4029 1309 4100 miserere
1355 4031 1630 4100 animae
1673 4043 1853 4111 tuae,
1892 4042 1969 4100 ut
2014 4030 2272 4120 dignus
2320 4031 2642 4102 habearis
2690 4031 2926 4100 seculo
2957 4053 3128 4100 ven-

548 4128 729 4186 tur0.
782 4119 1332 4207 Praeparationis
1383 4119 1494 4187 hic
1555 4119 1806 4188 modus
1870 4118 1993 4188 tibi
2058 4118 2614 4208 pernecessarius
2681 4131 2746 4188 et
2797 4118 3117 4208 optimus

546 4216 671 4287 est,
709 4217 788 4274 ut
833 4204 919 4274 de
967 4206 1172 4276 rebus
1206 4207 1344 4276 tuis
1381 4204 1608 4292 quoad
1662 4216 1876 4295 potes,
1926 4207 2354 4295 pauperibus
2404 4206 2888 4296 impertiendO,
2932 4208 3118 4276 ami-

543 4314 662 4364 cos
712 4293 837 4363 tibi
870 4293 1122 4364 facias:
1176 4308 1254 4363 ut
1282 4316 1443 4363 cum
1478 4292 1835 4373 defeceriS,
1876 4293 2057 4364 sicut
2088 4294 2184 4363 ait
2231 4295 2565 4364 Dominus
2615 4307 2867 4374 noster,
2931 4296 3117 4365 reci-

545 4382 741 4471 piant
810 4392 873 4452 te
923 4384 993 4452 in
1065 4393 1344 4452 aeterna
1416 4381 1934 4451 tabernacula.»
1988 4387 2169 4452 Haec
2220 4394 2286 4452 et
2339 4382 2744 4470 hujusmodi
2799 4381 3118 4455 salubria
