3327 4999
687 368 816 432 642
1439 380 1519 426 nr.
1567 381 1622 427 s.
1679 376 1967 425 nemeto
2015 374 2313 425 Emscoro
2672 353 2778 420 EX
2827 352 3056 420 SEPT.
3109 353 3161 418 3

594 468 959 559 templum,
994 477 1059 536 et
1105 466 1177 535 in
1225 462 1598 551 quemdam
1648 484 1722 533 se
1769 461 1962 532 abdit
2008 459 2373 551 angulum.
2411 458 2618 529 Nobis
2642 458 2958 527 divinum
2991 455 3162 526 offi-

593 558 780 626 cium
823 566 1204 625 reverenter
1241 551 1762 639 exequentibus,
1800 550 1922 622 ubi
1955 562 2236 620 ventum
2284 561 2389 618 est
2435 548 2520 618 ad
2555 546 3056 636 Antiphonem,
3101 549 3163 615 0

594 647 969 736 Sapientia,
1028 643 1142 713 ille
1190 640 1389 711 humi
1435 639 1827 721 collabitur,
1883 638 2362 730 sanguineque
2417 658 2499 706 ex
2546 636 2836 707 auribus
2882 646 2947 704 et
2993 646 3164 725 gut-

597 747 748 803 ture
797 743 1141 812 manante,
1198 731 1415 799 instar
1462 728 1706 800 furiosi
1753 728 2189 807 vociferatur,
2244 748 2382 796 non
2431 725 2543 794 vul
2653 747 2718 794 m
2758 723 3148 804 dumtaxat,

595 821 715 891 sed
766 843 893 892 nos
939 820 1146 889 etiam
1198 819 1296 887 rei
1327 817 1558 888 adhuc
1606 819 1887 910 ignaros
1922 816 2360 909 perturbans.
2395 818 2538 884 Lau
2594 814 2749 885 ibus
2790 813 2906 882 Dei
2942 813 3155 883 abso-

597 909 785 990 lutis,
840 909 1028 979 imus
1060 908 1143 977 ad
1180 929 1364 986 eum,
1410 920 1622 977 totum
1678 907 2152 997 pavimentum
2202 925 2448 974 cruore
2497 902 2869 983 infectum,
2907 913 2972 970 et
3021 900 3161 969 mi-

598 1018 831 1067 serum
898 1019 1111 1087 prope
1157 995 1521 1065 exanimen
1572 994 2071 1085 conspicimus.
2151 999 2320 1062 Tum
2375 1012 2533 1062 vero
2580 1014 2618 1060 a
2673 990 2817 1060 nita
2877 989 3162 1080 patroni

603 1085 815 1155 nostri
864 1086 1145 1165 virtute,
1200 1107 1239 1154 a
1288 1097 1468 1153 terra
1513 1083 1851 1153 elevatum
1902 1096 1966 1152 et
2013 1085 2194 1169 aqua
2253 1081 2506 1156 lotum.
2562 1103 2599 1149 a
2698 1099 2978 1148 sacrum
3040 1089 3159 1146 tu-

601 1173 874 1244 mulum
944 1172 1429 1264 perferendum
1495 1194 1863 1242 curamus:
1927 1171 2334 1256 cunctisque
2397 1168 2689 1259 pulsatis
2736 1166 3007 1258 signiS,
3074 1171 3161 1235 Te

600 1268 809 1332 Deum
860 1264 1222 1332 laudamus
1269 1261 1732 1331 concinimus.
1795 1259 1963 1328 Inde
2009 1259 2127 1328 ille
2176 1270 2453 1348 sumpto
2515 1256 2670 1326 cibo
2701 1311 2716 1338 ‚
2773 1255 2944 1325 adeo
2990 1275 3159 1323 con-

602 1351 920 1420 firmatus
976 1364 1077 1420 est
1142 1351 1445 1430 viribuS‚
1499 1362 1575 1419 ut
1634 1350 1719 1418 ad
1770 1349 2064 1436 quodvis
2111 1370 2288 1438 opus
2348 1368 2547 1416 nemo
2597 1346 2716 1415 illo
2766 1344 3159 1435 promptior

601 1450 802 1510 esset.
857 1444 1062 1509 Porro
1112 1440 1329 1509 instar
1368 1437 1652 1507 infantis
1692 1437 1935 1507 didicit
1982 1436 2276 1506 formare
2309 1436 2516 1506 verba
2541 1489 2556 1516 ‚
2597 1456 2733 1504 non
2768 1431 2956 1502 aliud
2998 1453 3158 1522 pro·

600 1529 778 1598 ferre
819 1527 1076 1609 valenS,
1111 1547 1319 1615 quam
1369 1526 1553 1614 quod
1604 1537 1762 1596 ante
1811 1526 1897 1595 ab
1946 1524 2082 1595 alio
2133 1525 2668 1615 pronunciatum
2717 1534 2919 1593 esset.
2958 1520 3159 1591 Unde

604 1617 771 1689 satis
817 1628 1105 1698 constat,
1143 1638 1301 1686 eum
1354 1616 1688 1685 hactenus
1737 1637 1861 1684 nec
1895 1613 2263 1696 audivisse,
2310 1635 2433 1683 nec
2455 1612 2775 1683 „locutum
2810 1632 2980 1681 esse.
3027 1609 3160 1680 Ubi

604 1728 684 1775 ea
730 1727 840 1775 res
873 1705 955 1776 ad
1009 1711 1103 1775 Re
1153 1726 1261 1774 em
1311 1704 1517 1774 allata
1565 1716 1690 1784 est,
1743 1726 1902 1773 cum
1955 1703 2140 1795 apud
2185 1724 2311 1773 nos
2358 1715 2557 1783 esset,
2602 1701 2814 1791 jussit
2851 1721 3012 1768 eum
3065 1697 3157 1767 ad

604 1817 676 1866 se
713 1793 995 1876 adduci,
1054 1795 1112 1865 si
1167 1794 1324 1880 ique
1363 1792 1732 1883 prandenti
1781 1792 2122 1863 assistere:
2186 1791 2493 1878 adeoque
2539 1791 2611 1859 in
2660 1810 2740 1859 eo
2789 1799 3159 1858 veneratus

601 1895 703 1952 est
752 1883 971 1953 sancti
1038 1881 1343 1952 Remacli
1394 1882 1739 1961 virtutem,
1795 1893 1872 1951 ut
1921 1880 2224 1951 hominis
2274 1880 2465 1951 illius
2509 1890 2576 1950 et
2621 1901 2721 1960 OS,
2773 1888 2838 1947 et
2884 1876 3153 1958 oculoS,

601 1985 667 2041 et
716 1994 918 2043 aures
966 1970 1500 2041 exoscularetur.

687 2062 724 2147 ξ
769 2066 903 2133 n.
949 2058 1183 2129 Carolo
1235 2058 1429 2129 tertio
1464 2061 1905 2149 Imperatore,
1962 2063 2154 2128 Anno
2184 2055 2427 2127 salutis
2467 2054 3043 2146 octingentesimo
3074 2076 3153 2122 o-

601 2148 1176 2239 ctogesimotertio
1208 2202 1223 2229 ‚
1278 2148 1500 2217 invisa
1548 2170 1716 2238 gens
1766 2152 2114 2217 Danorum
2151 2202 2166 2229 ,
2222 2167 2472 2237 magna
2521 2145 2860 2215 instructa
2896 2144 3147 2224 classe,

604 2238 672 2305 in
727 2236 983 2309 Gallias
1016 2237 1100 2306 de
1149 2237 1522 2337 improviso
1571 2237 1845 2326 irrupit,
1903 2236 2123 2323 iisque
2171 2234 2580 2325 pervagatis,
2634 2232 2988 2314 caedibuS,
3044 2233 3158 2301 in-

604 2325 872 2397 cendiis
919 2337 983 2394 et
1029 2325 1413 2416 direptione
1459 2324 1695 2393 omnia
1742 2325 2050 2395 vastavit.
2107 2324 2275 2393 Inde
2326 2322 2733 2393 transmisso
2765 2326 2988 2393 Mosae
3021 2322 3157 2391 flu-

604 2414 834 2485 mine.
887 2414 1326 2483 Arduennam
1376 2413 1640 2504 sylvam
1689 2414 1863 2482 mire
1911 2412 2356 2505 populantur,
2410 2422 2719 2482 evertunt
2767 2411 2989 2489 villas,
3043 2411 3157 2478 in-

605 2503 913 2574 cendunt
973 2503 1261 2661 oppda,
1309 2504 1532 2594 regias
1579 2524 1771 2572 arces
1818 2514 1883 2572 et
1933 2503 2345 2571 monasteria
2395 2502 2784 2573 destruunt.
2857 2505 3154 2570 Ventum

603 2605 705 2662 est
750 2592 959 2662 etiam
1009 2614 1048 2661 a
1147 2604 1459 2663 nostrum
1527 2591 1936 2660 coenobium
1966 2645 1987 2672 ,
2044 2590 2253 2679 cujus
2299 2591 2511 2660 situm
2559 2590 2735 2658 clam
2790 2600 2999 2659 noctu
3045 2611 3162 2658 ex·

606 2680 975 2771 ploranteS,
1030 2680 1125 2768 ita
1173 2702 1299 2750 nos
1344 2678 1704 2749 includere
1741 2680 2191 2760 constituunt,
2245 2690 2323 2750 ut
2351 2701 2553 2749 nemo
2583 2679 2799 2769 possit
2836 2678 3154 2747 evadere.

607 2769 731 2838 Sed
783 2769 1016 2838 divino
1065 2781 1243 2838 nutu
1302 2780 1368 2838 et
1414 2768 1685 2857 patroni
1734 2769 1951 2838 nostri
2006 2769 2268 2838 meritis
2315 2790 2551 2839 eorum
2614 2765 2903 2837 consilia
2954 2766 3161 2839 nobis

603 2856 890 2945 quidam
940 2855 1104 2948 fuga
1142 2857 1423 2946 elapsus
1472 2855 1810 2945 patefecit.
1843 2862 1975 2927 Nos
2007 2871 2194 2928 metu
2221 2857 2545 2947 perculsi,
2585 2855 2877 2925 sublatis
2915 2861 2985 2924 B.
3028 2860 3162 2924 Re·

603 2945 807 3017 macli
849 2945 1183 3031 reliquiiS‚
1213 2945 1371 3014 licet
1404 2965 1579 3025 sero,
1605 2943 1809 3035 fugae
1849 2967 1974 3015 nos
2011 2945 2450 3017 mandamus.
2495 2951 2697 3015 Nocte
2744 2945 3163 3035 intempesta

603 3046 905 3103 montem
955 3032 1421 3115 ascendimuS,
1456 3045 1522 3103 et
1569 3032 1712 3102 illic
1752 3033 2143 3125 respIrandi
2191 3036 2403 3105 causa
2451 3032 2924 3105 subsistimus.
2980 3037 3159 3103 Tum

601 3143 757 3191 vero
805 3121 1226 3191 immensum
1278 3120 1513 3190 lumen
1563 3121 1808 3213 igneae
1837 3124 2204 3193 columnae
2235 3122 2461 3224 effigie
2505 3120 2819 3192 videmus
2867 3121 3162 3193 descen-

600 3209 761 3278 dere
808 3209 877 3278 in
924 3209 1252 3291 loculum,
1289 3230 1484 3280 sacra
1517 3231 1676 3282 ossa
1723 3211 2153 3283 retinentem.
2192 3216 2331 3281 Lux
2371 3211 2491 3280 tlla
2524 3210 2727 3302 longe
2757 3209 2888 3281 fuit
2919 3210 3159 3281 lunari

602 3291 967 3388 splendore
1015 3298 1375 3370 illustrior.
1428 3304 1585 3369 Erat
1623 3311 1768 3370 tum
1814 3299 2034 3392 frigus
2057 3301 2337 3391 ingens:
2374 3312 2442 3371 at
2472 3321 2598 3370 nos
2632 3300 2725 3369 ita
2758 3299 2955 3370 suavi
2986 3322 3162 3388 quo-

601 3386 762 3487 dam
812 3387 1040 3457 calore
1086 3386 1585 3468 afficiebamur,
1642 3401 1719 3460 ut
1758 3411 2044 3459 vernum
2081 3400 2357 3480 tempus
2404 3390 2517 3479 agi
2569 3388 2933 3459 videretur.
2970 3393 3158 3459 Inte-

601 3497 731 3545 nm
784 3498 910 3545 nos
959 3475 1251 3545 invicem
1302 3489 1800 3566 respectantes:
1873 3490 2138 3549 stamus
2176 3476 2468 3557 attoniti,
2537 3477 2709 3546 nihil
2763 3477 3150 3566 loquentes,

600 3574 666 3633 et
713 3574 943 3635 tantae
993 3563 1087 3634 rei
1138 3563 1347 3633 finem
1410 3577 1891 3656 expectantes:
1944 3588 2103 3636 cum
2173 3578 2328 3657 post
2390 3565 2605 3636 unius
2668 3565 2882 3636 ferme
2943 3565 3157 3638 horae

605 3653 910 3743 spatium
960 3651 1079 3722 lux
1128 3652 1245 3722 illa
1294 3653 1519 3723 coelos
1586 3655 1877 3744 repetiit.
1931 3660 2064 3724 Nos
2110 3676 2272 3745 ergo
2341 3654 2439 3725 ire
2488 3655 2882 3746 pergimus,
2945 3666 3155 3743 atque

601 3741 695 3811 ita
745 3741 966 3813 illaesi
1015 3765 1054 3810 a
1104 3751 1390 3831 patrono
1444 3741 1559 3810 illo
1609 3755 1840 3813 nostro
1891 3742 1958 3812 in
2011 3756 2149 3813 tam
2207 3744 2553 3834 praesenti
2601 3742 2873 3815 hostilis
2923 3766 3159 3836 perse-

600 3830 900 3900 cutionis
949 3829 1258 3921 periculo
1306 3832 1690 3901 conservati
1738 3854 2029 3913 summ,
2085 3843 2164 3902 ut
2228 3831 2466 3903 nullus
2512 3831 2652 3902 fere
2697 3832 3154 3904 barbarorum

598 3940 762 3989 ense
799 3919 1167 4010 jugulatus
1214 3919 1324 3988 sit.

686 4009 723 4096 ὅ
768 4013 919 4108 ίῧ..
972 4013 1056 4109 At·
1095 4007 1388 4109 durante
1434 4007 1554 4077 illa
1589 4009 1912 4098 procella,
1953 4010 2172 4079 coacti
2210 4032 2458 4081 sumus
2491 4009 2627 4080 alio
2661 4011 3149 4111 commigrare.

599 4099 838 4183 Itaque
882 4118 955 4164 ln
997 4096 1156 4166 villa
1205 4097 1386 4165 beatt
1437 4098 1764 4180 Remacli,
1804 4119 2015 4185 quam
2051 4098 2496 4169 Boviniacum
2531 4111 2795 4179 vocant,
2839 4099 2958 4168 ubi
3000 4112 3151 4170 tum

599 4186 685 4254 ab
736 4185 1055 4255 hostibus
1114 4183 1454 4254 nonnulla
1502 4186 1701 4272 quies
1748 4186 1900 4256 dari
1950 4187 2333 4269 videbatur,
2369 4210 2528 4257 cum
2579 4210 2775 4258 sacro
2814 4189 2968 4278 ejus*
2998 4209 3155 4258 cor-

595 4294 759 4374 pore
805 4272 1272 4354 consedimus,
1317 4273 1536 4343 donec
1584 4275 1673 4375 ab
1720 4280 2141 4366 Imperatore
2191 4276 2570 4368 profligatis
2627 4276 2974 4358 barbariS,
3028 4298 3154 4377 pa-

599 4376 769 4431 triae
837 4373 1110 4432 nostrae
1176 4384 1417 4452 pacem
1480 4363 1820 4432 redditam
1884 4362 2284 4435 didicimus,
2339 4365 2619 4435 Interim
2680 4365 2748 4433 in
2812 4363 2975 4434 villa
3031 4364 3155 4436 111a

597 4451 919 4541 precibus
988 4451 1210 4521 sancti
1284 4452 1554 4541 patroni
1623 4452 1887 4533 nostri,
1953 4475 2228 4544 semper
2286 4454 2523 4524 omnia
2603 4453 2801 4524 nobis
2865 4452 3150 4525 abunde
