3327 4999
196 380 313 448 Ex
369 381 552 447 OCT.
608 383 647 446 5
931 400 1009 446 nn
1057 401 1114 446 s.
1152 399 1513 447 uniantrno
1564 398 1731 446 niAc.
1787 399 1862 445 ΕΤ
1900 397 2082 446 conr.
2555 383 2672 447 651

191 479 469 570 capitis
544 477 767 547 velum
830 478 1106 549 incaute
1182 478 1511 569 deponit,
1574 479 1782 566 idque
1852 498 2004 547 mox
2066 501 2105 547 a
2169 479 2472 548 flammis
2541 501 2769 548 corre-

192 579 445 659 ptum,
498 567 926 658 conflagrare
973 568 1214 638 cernit.
1280 567 1402 638 Sed
1473 579 1752 637 extensa
1801 588 2016 636 manu
2055 567 2399 637 retrahere
2446 580 2762 650 conatur,

198 678 338 726 nec
374 668 604 726 tamen
659 656 790 725 nisi
842 668 1178 726 extremas
1220 668 1445 746 partes
1503 657 1768 745 recipit,
1815 667 1950 725 toto
2004 655 2141 725 fere
2189 656 2335 725 velo
2376 657 2447 725 in
2498 656 2769 726 favillas

196 746 520 815 redacto.
573 750 743 813 Tum
795 744 915 815 illa
947 746 1014 813 in
1067 745 1409 833 lacrymas
1459 757 1951 835 prorumpente
1999 745 2182 831 quod
2235 744 2507 814 nullum
2554 745 2765 815 habe·

194 846 309 904 ret
351 833 577 913 aliud,
630 856 769 920 quo
817 855 890 901 se
938 846 1211 923 tegeret,
1268 834 1372 902 vir
1418 846 1702 902 sanctus
1770 855 1903 902 non
1969 855 2174 913 casu,
2248 833 2365 903 sed
2415 833 2650 902 divina
2701 833 2772 902 id

194 935 467 1013 agente
502 922 953 1011 providentia,
996 922 1061 991 in
1112 921 1396 992 domum
1451 922 1639 991 illam
1679 922 2107 1012 ingreditur:
2160 921 2538 1008 vidensque
2572 921 2768 1011 puel-

199 1013 351 1080 lam
394 1024 782 1101 gementem
836 1023 900 1079 et
947 1011 1357 1101 plorantem,
1414 1033 1565 1080 eam
1617 1011 1843 1080 verbis
1908 1011 2240 1101 primum,
2294 1010 2543 1079 deinde
2591 1010 2771 1080 facto

196 1098 624 1169 admirabili
687 1100 1103 1170 consolatur.
1171 1099 1379 1168 Vultu
1439 1100 1622 1167 enim
1688 1100 1757 1167 in
1824 1120 2074 1168 manus
2134 1099 2219 1167 de
2272 1100 2485 1180 osito,
2549 1100 2769 1168 oravit

193 1189 472 1258 obnixe
522 1189 939 1269 Dominum,
1010 1188 1451 1273 collectisque
1502 1187 1815 1274 reliquiis
1862 1187 2091 1256 adusti
2140 1208 2217 1255 ve
2251 1188 2314 1268 i,
2366 1186 2541 1256 illud
2595 1188 2772 1257 inte-

197 1298 426 1368 grum
475 1276 768 1346 restituit
815 1276 1263 1361 lacrymanti:
1316 1277 1401 1345 iis
1452 1298 1608 1345 vero
1655 1297 1833 1362 quae
1882 1275 2023 1346 illic
2073 1276 2383 1355 aderant,
2419 1276 2771 1366 praecepit

198 1388 295 1435 ne
331 1366 669 1451 cuiquam
709 1365 775 1433 id
829 1365 1234 1434 indicarent.
1288 1370 1568 1434 Pannus
1615 1365 1732 1434 ille
1780 1363 2102 1452 usquein
2134 1364 2544 1434 hodiernum
2588 1363 2773 1434 diem

199 1455 400 1524 iuter
448 1451 781 1540 reliquias
831 1454 1048 1524 sancti
1100 1453 1475 1545 Meinulpbi
1542 1465 1968 1523 asservatur:
2032 1465 2096 1521 et
2152 1452 2309 1523 licet
2373 1453 2490 1523 ille
2560 1475 2776 1524 sanus

198 1556 271 1613 et
310 1543 589 1632 integer
628 1543 735 1622 sit,
792 1553 1016 1612 tamen
1069 1544 1137 1611 in
1191 1544 1357 1612 tanti
1412 1542 1733 1612 miraculi
1783 1541 2282 1624 testimonium,
2335 1542 2520 1633 ignis
2570 1543 2774 1612 vesti-

202 1633 327 1724 gia
374 1642 865 1721 repraesentat.

304 1729 346 1803 ἓ
418 1725 499 1791 ⁸2.
553 1720 968 1789 Adventante
1015 1732 1243 1788 autem
1275 1731 1603 1809 tempore,
1635 1740 1773 1805 quo
1824 1719 2155 1789 Dominus
2190 1717 2463 1788 fidelem
2497 1741 2774 1788 servum

203 1810 297 1880 ad
338 1821 704 1879 aeternum
756 1808 1144 1877 convivium
1186 1808 1475 1877 invitare
1521 1809 1990 1889 constituerat,
2032 1808 2147 1877 ille
2205 1806 2452 1897 plenus
2502 1807 2773 1878 virtuti-

205 1900 353 1968 bus
386 1910 455 1967 et
492 1898 639 1986 jam
692 1910 1008 1967 maturus
1057 1897 1227 1974 aevi,
1285 1895 1477 1965 tertio
1526 1901 1751 1966 Nonas
1800 1897 2110 1966 Octobris
2157 1896 2478 1987 migravit
2510 1895 2591 1965 ad
2649 1901 2775 1965 Do-

209 1988 524 2056 minum.
572 1984 829 2054 Accidit
879 1999 1017 2054 tum
1060 2007 1166 2053 res
1193 1984 1648 2053 admiratione
1679 1985 1913 2075 digna.
1953 1991 2119 2055 Nam
2147 2006 2306 2054 cum
2342 2006 2596 2075 corpus
2625 1986 2776 2074 ejus

207 2075 540 2145 exanime
580 2074 649 2142 in
686 2074 929 2142 feretro
969 2074 1250 2162 jaceret,
1305 2073 1586 2142 revixit:
1639 2095 1847 2160 seque
1898 2075 2194 2163 erigens,
2248 2073 2501 2163 apertis
2554 2073 2776 2143 oculis

209 2163 303 2232 ad
357 2164 888 2232 circumstantes
950 2162 1080 2231 ait:
1148 2186 1184 2228 «
1228 2161 1801 2248 Quandoquidem
1860 2183 1985 2251 ego
2037 2161 2228 2232 vobis
2290 2161 2771 2261 praesentibus

211 2253 359 2321 vita
396 2251 699 2333 functuS,
756 2272 1000 2321 rursus
1048 2251 1221 2320 vitae
1272 2251 1613 2330 restituor,
1672 2272 1789 2320 vos
1820 2250 2078 2339 gratias
2125 2261 2347 2340 agatis
2404 2255 2557 2331 Dec,
2611 2272 2772 2337 quo·

215 2360 383 2410 rum
415 2339 663 2410 salutis
711 2342 923 2408 causss
972 2339 1040 2407 id
1091 2340 1189 2420 fit,
1225 2350 1289 2408 et
1321 2361 1470 2429 ego,
1508 2351 1588 2408 ut
1620 2338 1690 2407 id
1724 2339 1938 2415 fieret,
1993 2338 2179 2429 apud
2208 2338 2325 2407 Dei
2360 2339 2769 2408 Genitricem

214 2440 286 2498 et
322 2428 675 2518 Virginem
727 2440 1131 2520 perpetuam
1173 2428 1555 2519 impetravi.
1602 2433 1734 2498 Nec
1783 2427 1954 2497 mibi
2003 2425 2203 2497 facile
2251 2426 2519 2497 videtur
2544 2427 2773 2497 denuo

215 2529 549 2608 oppetere
597 2530 909 2599 mortem,
981 2517 1252 2588 tametsi
1310 2540 1442 2587 non
1497 2517 1590 2586 ita
1637 2516 1982 2597 acerbam,
2049 2530 2129 2587 ut
2165 2516 2294 2586 fuit
2343 2517 2767 2607 nuperrime.

216 2613 353 2676 Vos
418 2618 643 2675 autem
696 2606 808 2686 ite,
870 2628 1150 2693 quaeSO,
1198 2606 1282 2676 ad
1335 2607 1774 2697 Episcopum,
1835 2617 1898 2674 et
1945 2617 2112 2693 quot
2165 2605 2540 2676 sudoribus
2599 2604 2772 2674 mihi

216 2694 608 2766 constiterit
639 2695 850 2786 hujus
882 2695 1192 2765 coenobii
1250 2706 1617 2774 structura,
1672 2694 1735 2764 ei
1783 2694 2191 2775 indicanteS,
2238 2693 2441 2784 petite
2488 2693 2575 2763 ab
2625 2693 2768 2774 illc,

214 2795 297 2854 ut
346 2805 829 2871 quaecumque
877 2785 1089 2874 liujus
1139 2784 1269 2853 loci
1319 2784 1520 2853 fuerit
1569 2785 1783 2853 electa
1849 2783 2207 2852 Abbatissa
2237 2837 2251 2862 ,
2316 2781 2592 2851 etiamsi
2641 2786 2776 2850 An-

216 2872 389 2942 cilla
423 2873 534 2954 sit,
570 2894 704 2942 non
748 2873 815 2941 id
852 2872 1250 2942 interdicat:
1290 2873 1637 2960 simulque
1669 2872 1871 2941 dicite
1900 2872 1986 2953 ei,
2033 2893 2142 2939 me
2174 2893 2459 2961 corpore
2490 2882 2773 2940 exutum

217 2961 578 3041 didicisse,
632 2961 798 3048 quid
867 2961 952 3029 de
1017 2961 1158 3030 illis
1226 2961 1374 3031 ficri
1440 2972 1749 3051 oporteat
1794 2961 1913 3047 qui
1965 2972 2272 3051 pastores
2319 2959 2774 3029 ecclesiarum

218 3072 376 3120 esse
408 3049 800 3118 videntur.»
851 3050 972 3118 His
1011 3049 1235 3131 dictis,
1297 3050 1547 3120 clausit
1594 3049 1854 3131 ocuIOS,
1911 3070 2118 3136 seque
2167 3047 2513 3119 reclinans
2561 3049 2631 3116 in
2683 3046 2774 3116 fe-

220 3150 516 3217 retrum,
571 3160 649 3206 eo
700 3138 765 3205 in
822 3137 968 3207 loco
1016 3140 1425 3228 composuit,
1479 3137 1669 3208 unde
1717 3138 1913 3229 prius
1964 3159 2034 3207 se
2073 3148 2397 3206 erexerat.
2453 3134 2778 3228 Sepultus

218 3238 329 3294 est
378 3237 605 3293 autem
641 3226 821 3294 intra
867 3226 1227 3295 ecclesiam
1277 3226 1495 3307 illam,
1549 3248 1759 3313 quam
1812 3226 1906 3295 ibi
1953 3225 2379 3307 condiderat,
2435 3225 2776 3310 multique

220 3313 313 3382 ad
368 3312 518 3400 ejus
578 3314 969 3383 confluxere
1027 3325 1578 3396 monumentum,
1633 3313 1754 3383 alii
1819 3314 2004 3384 fama
2056 3315 2602 3404 praeteritorum,
2657 3312 2776 3382 alii

222 3399 655 3471 edendorum
701 3401 1198 3472 miraculorum
1256 3425 1378 3493 spe
1439 3403 1729 3472 invitati.
1769 3407 1975 3471 Porro
2029 3403 2276 3472 Christi
2323 3402 2623 3472 famulae
2671 3423 2778 3470 se-

217 3488 553 3589 pulcrum
591 3490 742 3580 ejus
792 3513 914 3581 pro
959 3491 1332 3561 reverentia
1383 3491 1590 3560 linteo
1646 3502 2089 3581 operuerunt,
2127 3504 2327 3578 atque
2374 3490 2499 3560 uni
2547 3512 2584 3559 e
2632 3488 2779 3560 suis

225 3600 368 3648 non
425 3578 859 3648 mediocriter
906 3579 1265 3669 religiosae
1324 3578 1391 3648 id
1453 3579 1702 3648 dedere
1765 3579 2060 3669 negotii,
2125 3592 2202 3648 ut
2255 3579 2409 3667 ejus
2457 3577 2650 3647 lintei
2715 3589 2779 3647 et

223 3667 671 3736 lucernarum
724 3689 959 3737 euram
997 3679 1280 3758 gereret.

318 3759 355 3845 ξ
422 3758 503 3826 8.
560 3760 648 3823 Ea
700 3777 855 3824 vero
893 3756 1309 3843 quandoque
1375 3777 1619 3847 sopore
1669 3776 1928 3846 pressa,
1990 3776 2261 3824 cereum
2316 3755 2533 3823 instar
2590 3752 2780 3824 orbis

223 3856 644 3925 contortum,
702 3857 906 3930 atque
942 3845 1073 3935 ipsi
1114 3844 1301 3914 nudo
1337 3844 1545 3913 linteo
1596 3844 2024 3935 impositum,
2092 3864 2228 3913 non
2290 3842 2598 3912 extinxit.
2655 3847 2782 3911 Ex-

225 3932 613 4025 pergefacta
649 3944 904 4012 autem,
961 3932 1360 4003 recordatur
1392 3954 1463 4002 se
1502 3955 1775 4001 cereum
1813 3932 2164 4000 ardentem
2208 3931 2277 3999 in
2315 3953 2545 4022 panno
2595 3930 2777 4000 lineo

226 4022 616 4108 reliquisse.
660 4027 898 4108 Itaque
948 4043 1081 4089 non
1136 4044 1378 4111 parum
1433 4022 1666 4090 animo
1709 4032 2166 4100 consternata,
2209 4042 2495 4110 propere
2540 4040 2783 4089 accur-

228 4112 315 4180 rit
362 4110 447 4179 ad
501 4109 925 4200 sepulcrum,
979 4111 1332 4196 cernitque
1377 4131 1457 4178 ex
1494 4109 1747 4180 relictis
1778 4108 2032 4177 favillis
2080 4130 2351 4178 cereum
2386 4119 2599 4178 totum
2653 4109 2780 4178 ab-

227 4211 588 4289 sumptum
640 4199 763 4268 abs
815 4221 901 4268 ue
950 4198 1095 4268 ullo
1144 4199 1355 4288 panni
1406 4198 1837 4268 detrimento.
1901 4202 2153 4267 Omnes
2203 4197 2415 4287 igitur
2463 4196 2782 4285 magnifi-

228 4299 391 4356 cant
437 4292 677 4368 Deum,
735 4221 880 4374 qqu,
916 4310 1040 4388 per
1093 4287 1361 4378 ignem,
1428 4286 1734 4356 defuncti
1790 4286 1916 4354 viri
1966 4287 2184 4357 sancti
2238 4285 2480 4354 merita
2544 4285 2775 4354 denuo

228 4374 618 4457 declararit,
671 4377 774 4446 uti
826 4398 1022 4467 prius
1071 4375 1319 4446 fecerat
1365 4375 1593 4445 adhuc
1646 4374 1956 4446 viventis.

319 4467 355 4551 ξ
403 4468 497 4533 9.
552 4470 758 4535 Porro
822 4487 954 4535 non
1018 4464 1219 4560 longe
1276 4466 1363 4536 ab
1411 4465 1605 4535 obitu
1654 4463 1933 4535 cuidam
1991 4461 2422 4533 cubiculario
2470 4482 2594 4530 suo
2661 4482 2782 4552 per
