3327 4999
160 348 405 415 MART.
462 351 508 415 6
1116 368 1196 415 1)ss
1244 369 1300 417 s.
1354 368 1589 418 comm
1628 367 1798 416 vmc.
2542 348 2627 413 63

157 473 368 542 agens
416 451 846 543 regionibus,
906 452 1191 523 Domino
1241 454 1578 524 revelante
1626 452 1871 523 didicit
1914 474 2074 522 eum
2128 472 2266 522 non
2315 449 2440 520 diu
2471 472 2716 539 super·-

154 544 546 621 victurum‚
599 554 667 611 et
714 541 785 609 in
834 542 984 632 ejus
1029 543 1454 615 conscientia
1501 543 1712 613 latere
1757 542 2142 630 quaedam,
2200 540 2473 610 animae
2521 538 2715 608 illius

152 631 549 721 periculosa
597 630 1091 718 impedimenta
1142 631 1462 702 allatura.
1518 632 1699 701 Misit
1746 631 1961 734 igitur
2005 629 2092 701 ad
2142 629 2341 700 illum
2420 628 2714 721 uosdam

149 719 257 789 sui
309 719 618 789 instituti
668 718 930 801 fratreS,
984 721 1106 808 qui
1154 720 1217 790 ei
1266 732 1523 791 secreto
1554 721 1724 790 haec
1763 720 2259 811 impedimenta
2299 717 2706 787 incicarent.

150 810 422 891 Quibus
475 807 595 876 ille
642 808 850 877 fidem
901 809 1263 892 adhibens,
1315 832 1396 880 ea
1441 810 1810 901 diligenter
1854 808 2147 887 amovit,
2202 829 2508 894 sanoque
2558 828 2714 875 tnui-

154 898 340 966 nitus
388 896 663 966 Coletae
698 898 1007 979 consili0‚
1048 898 1229 968 diem
1270 899 1520 970 clausit
1549 912 1957 970 extremum.
2014 897 2190 968 Civis
2220 897 2560 984 quaedam
2596 900 2713 964 Ca-

150 985 547 1057 bilonensis
586 986 777 1055 haud
810 986 1138 1077 vulgariS‚
1178 987 1439 1058 Coletae
1469 999 1630 1059 nota
1662 985 2114 1069 familiariter,
2153 1007 2320 1077 prae
2358 983 2714 1054 devotione

141 1098 214 1145 se
261 1074 567 1145 contulit
607 1075 695 1143 ad
730 1096 880 1143 eam
913 1076 1267 1146 visendam
1302 1077 1370 1146 in
1415 1077 1830 1147 monasterio
1865 1075 2344 1146 Poliniacensi.
2399 1073 2525 1143 Illa
2556 1094 2711 1141 vero

140 1166 379 1234 sciens
428 1164 902 1253 propinquum
952 1186 1102 1234 esse
1151 1165 1324 1236 vitae
1370 1166 1522 1257 ejus
1570 1166 1972 1246 terminum,
2017 1163 2382 1235 admonuit
2413 1185 2589 1242 eam,
2636 1172 2713 1231 ut

137 1276 265 1324 sua
304 1264 596 1343 peccata
625 1252 887 1343 integre
917 1255 1379 1324 confiteretur.
1435 1255 1617 1325 Fecit
1653 1255 1777 1336 sic,
1818 1268 1885 1325 et
1925 1254 2086 1335 inde
2123 1254 2210 1323 ab
2239 1275 2320 1323 ea
2353 1251 2703 1332 recedenS,

134 1342 669 1411 commendavit
720 1365 790 1413 se
835 1343 1084 1413 obnixe
1133 1344 1456 1434 precibus
1491 1344 1644 1435 ejus
1678 1356 1816 1414 tam
1852 1343 2097 1424 vivam,
2132 1363 2344 1428 quam
2383 1341 2520 1410 vita
2552 1338 2712 1409 fun-

137 1444 395 1588 &³121le
411 1436 717 1530 Reversa
750 1431 1168 1515 Cabilonem,
1214 1432 1460 1504 incidit
1492 1433 1563 1503 in
1600 1435 1948 1515 morbum,
1986 1443 2052 1502 et
2083 1431 2348 1501 Christo
2388 1429 2710 1521 spiritum

144 1543 213 1590 re
328 1543 346 1588 1
408 1533 485 1588 lt.

234 1617 276 1690 ἓ
328 1612 481 1681 48.
532 1614 813 1679 Sorores
858 1609 1128 1681 occulto
1173 1611 1475 1698 quodam
1538 1611 1757 1684 animi
1805 1632 2112 1681 moerore
2176 1608 2280 1679 vel
2347 1604 2711 1678 afflictione

144 1698 552 1767 laborantes
590 1753 603 1778 ,
659 1698 900 1767 crebro
947 1699 1033 1768 ad
1084 1722 1157 1770 se
1204 1701 1537 1780 vocabat,
1607 1700 1955 1771 blanditer
1998 1722 2076 1768 ex
2132 1698 2380 1768 onebat
2425 1716 2709 1765 causam

144 1787 485 1856 moeroris
534 1786 639 1856 vel
692 1787 1103 1869 afflictionis,
1157 1810 1537 1876 earumque
1584 1790 1855 1860 animos
1902 1789 2086 1879 erige
2138 1799 2228 1856 at.
2283 1792 2425 1856 Non
2489 1782 2708 1875 potuit

155 1875 368 1963 igitur
412 1875 835 1963 ambiguum
883 1899 1031 1946 esse
1078 1877 1266 1969 apud
1316 1877 1474 1948 illas
1508 1935 1523 1961 ‚
1589 1878 1883 1949 Coletam
1935 1890 2225 1947 matrem
2274 1889 2458 1945 certo
2508 1893 2709 1942 nosse

166 1983 446 2061 arcanas
493 1966 811 2055 ipsarum
852 1966 1324 2055 cogitationes.
1378 1968 1638 2037 Novitia
1673 1967 2012 2054 quaedam
2049 1964 2424 2053 aliquando
2457 1972 2707 2033 tentata

167 2049 299 2119 suit
343 2074 383 2119 a
428 2054 770 2123 teterrimo
818 2067 1077 2135 satana,
1115 2069 1192 2124 ut
1220 2055 1431 2125 exiret
1462 2077 1500 2124 e
1530 2057 1967 2137 monasterio.
2009 2077 2130 2125 nec
2162 2055 2230 2122 id
2266 2066 2493 2123 tamen
2559 2051 2708 2120 cui-

173 2161 378 2225 quam
428 2142 689 2231 aperire
738 2164 910 2211 ausa
955 2139 1120 2213 erat.
1175 2150 1338 2213 Eam
1391 2144 1612 2214 Coleta
1659 2145 1904 2213 accivit
1949 2143 2032 2213 ad
2086 2166 2180 2224 se,
2234 2143 2404 2212 dixit
2442 2142 2506 2211 ei
2536 2138 2705 2228 quid

168 2228 556 2319 cogitasset:
614 2231 735 2300 illa
784 2253 940 2302 vero
989 2255 1145 2302 mox
1179 2233 1459 2324 agnovit
1488 2233 1771 2323 culpam
1805 2255 2027 2313 suam,
2068 2236 2459 2322 magnaque
2488 2228 2708 2298 animi

166 2332 486 2410 concepta
535 2320 919 2401 devotione,
973 2323 1211 2391 statuit
1258 2320 1461 2413 plane
1495 2322 1985 2413 professionem
2023 2319 2266 2390 facere.
2321 2319 2463 2389 Alia
2494 2338 2705 2404 quae-

156 2405 314 2476 dam
362 2430 584 2490 soror,
636 2432 797 2478 cum
850 2410 1073 2480 Coleta
1120 2411 1192 2479 in
1240 2411 1476 2480 eodem
1528 2411 1786 2504 degens
1833 2409 2288 2489 monasterio,
2341 2408 2510 2477 adeo
2552 2427 2705 2497 pre-

160 2497 473 2567 mebatur
518 2497 822 2585 quodam
873 2499 1334 2571 conscientiae
1382 2501 1708 2592 pondere,
1748 2511 1827 2570 ut
1858 2501 1929 2570 in
1969 2497 2515 2590 desperationem
2558 2495 2705 2564 rui-

162 2597 309 2654 tura
355 2588 726 2657 videretur.
783 2589 1007 2659 Sensit
1053 2589 1122 2659 id
1174 2589 1398 2659 Coleta
1443 2590 1514 2659 in
1548 2590 1822 2681 spiritu,
1858 2602 2304 2674 vocatamque
2343 2587 2428 2655 ad
2462 2608 2534 2654 se
2567 2597 2703 2653 tarn

163 2676 453 2745 suaviter
498 2689 567 2745 et
612 2689 925 2747 amanter
970 2678 1267 2748 allocuta
1313 2691 1457 2759 est,
1514 2691 1794 2767 tamque
1841 2700 1880 2747 a
1933 2689 2071 2748 erte
2119 2689 2184 2746 et
2233 2676 2593 2767 perspicue
2640 2673 2702 2742 ei

159 2762 652 2835 demonstravit
700 2767 1090 2857 periculum
1141 2767 1532 2838 tentationis
1581 2790 1772 2849 suae,
1826 2790 1867 2836 a
1917 2788 2132 2855 eoque
2179 2767 2330 2835 e'us
2387 2764 2704 2833 animum

151 2851 485 2924 adversus
513 2863 667 2924 eam
696 2856 1138 2925 tentationem
1167 2856 1623 2939 confirmavit,
1661 2869 1739 2926 ut
1771 2877 2154 2944 numquam
2238 2855 2517 2943 einceps
2548 2874 2703 2920 eam

150 2964 481 3033 perpessa
535 2944 645 3013 sit.
704 2944 1034 3014 Excitavit
1078 2945 1495 3032 quandoque
1542 2947 1772 3015 malus
1801 2946 2093 3014 daemon
2127 2944 2304 3013 inter
2332 2945 2506 3013 duas
2539 2962 2703 3010 san-

146 3031 586 3101 ctimoniales
643 3032 1064 3103 discordiam
1111 3034 1490 3121 quandam,
1543 3057 1755 3122 quam
1805 3046 2032 3103 tamen
2081 3044 2325 3102 neutra
2374 3030 2703 3122 prodebat

150 3119 344 3191 foris.
404 3126 535 3190 Eas
582 3121 985 3213 singulatim
1040 3123 1263 3194 Coleta
1310 3123 1395 3193 ad
1446 3145 1519 3192 sc
1564 3124 1795 3193 venire
1833 3123 2080 3213 jussit,
2133 3134 2199 3190 et
2245 3133 2382 3190 tam
2431 3118 2702 3210 egregie

145 3210 503 3279 exhortata
532 3221 655 3292 est,
691 3223 766 3280 ut
788 3211 981 3280 omni
1012 3213 1231 3302 posita
1262 3211 1633 3295 simultate,
1672 3212 1936 3303 integre
1968 3210 2103 3282 sibi
2137 3209 2696 3288 conciliarentur,

145 3311 209 3368 et
258 3300 493 3390 reipsa
543 3300 1013 3391 perciperent,
1069 3300 1364 3371 Coletam
1414 3322 1549 3369 non
1599 3301 1992 3402 ignorasse,
2056 3299 2226 3387 quid
2274 3299 2505 3368 animo
2553 3318 2702 3365 ver-

151 3401 445 3460 sassent.
498 3388 668 3458 Inde
715 3411 873 3458 vero
923 3411 1058 3459 non
1096 3410 1342 3481 parum
1379 3401 1797 3480 perterrltae‚
1841 3410 1991 3458 eam
2024 3388 2350 3478 deinceps
2388 3385 2582 3454 valde
2615 3384 2702 3453 ti-

153 3490 501 3546 muerunt.
557 3481 760 3546 Soror
783 3478 1148 3565 quaedam,
1184 3477 1408 3548 Coleta
1433 3478 1504 3547 in
1533 3479 1790 3570 templo
1815 3499 1974 3547 cum
2005 3477 2161 3547 aliis
2186 3477 2499 3545 divinum
2550 3471 2702 3542 offi-

151 3565 337 3634 cium
374 3577 761 3656 peragente,
797 3589 877 3636 va
930 3567 988 3636 is
1026 3568 1496 3658 occupabatur
1530 3566 2087 3659 cogitationibus.
2126 3564 2418 3634 Advertit
2458 3563 2587 3632 hoc
2626 3562 2699 3630 in

149 3653 405 3743 spiritu
435 3653 679 3738 Coleta‚
716 3677 876 3724 man
932 3656 1071 3726 avit
1107 3657 1167 3726 ei
1248 3678 1323 3726 er
1350 3656 1560 3727 aliam
1591 3657 1971 3744 quandam,
2010 3668 2087 3725 ut
2119 3664 2436 3730 cessaret,
2479 3653 2701 3721 donec

147 3754 377 3812 essent
428 3764 663 3832 preces
709 3744 1086 3815 absolutae.
1164 3679 1288 3815 Illa
1336 3746 1423 3815 ad
1475 3769 1547 3815 se
1596 3746 1912 3825 rediens,
1970 3744 2208 3814 statuit
2254 3741 2449 3813 nullo
2499 3751 2697 3831 pacto

149 3829 491 3931 e‘usmodi
535 3833 1068 3924 cogitationibus
1115 3835 1456 3905 assentiri.
1511 3834 1655 3905 Alia
1693 3835 2033 3923 quaedam
2067 3854 2259 3902 soror
2295 3830 2530 3901 itidem
2563 3828 2696 3930 sub

198 3942 386 3989 1v1no
433 3921 681 4004 officio,
739 3945 952 3993 manu
1000 3923 1174 3992 libro
1224 3937 1485 4006 tenens,
1531 3946 1639 3993 res
1675 3947 1883 3993 vanas
1916 3934 1981 3992 et
2014 3922 2436 4013 perniciosas
2465 3939 2699 3987 animo

160 4008 483 4079 volvebat.
537 4011 614 4080 Id
662 4011 846 4081 clare
893 4011 1287 4104 intelligens
1334 4013 1581 4094 Coleta,
1636 4034 1840 4104 saepe
1886 4011 2218 4081 innuebat
2264 4011 2350 4091 ei,
2403 4020 2480 4078 ut
2510 4029 2627 4077 eas
2659 4029 2700 4076 a

161 4117 226 4164 se
269 4098 652 4188 repelleret.
735 4100 862 4170 Sed
911 4123 1071 4170 cum
1122 4123 1257 4170 non
1308 4101 1726 4182 adverteret,
1783 4100 2069 4172 abstulit
2115 4101 2178 4169 ei
2235 4100 2492 4170 librum
2558 4118 2696 4166 non

164 4185 302 4257 sine
350 4190 713 4278 asperitate
760 4189 1086 4277 quadam.
1141 4191 1452 4261 Sentiens
1501 4190 1619 4259 illa
1668 4191 1929 4260 Coletae
1978 4192 2207 4281 patere
2251 4186 2698 4279 cogitationes

167 4295 338 4356 suas,
399 4279 745 4350 transtulit
791 4301 863 4348 se
910 4279 993 4348 ad
1044 4279 1409 4380 cogitanda
1454 4279 1711 4348 divina.
1753 4285 1897 4348 Mox
1933 4278 2155 4349 Coleta
2185 4276 2581 4348 humaniter
2610 4271 2698 4341 ad

169 4381 305 4434 eam
359 4387 430 4435 se
477 4380 913 4447 convertens,
969 4369 1474 4455 submdensque
1521 4369 1782 4438 librum
1832 4368 1892 4437 ei
1943 4369 2256 4438 restituit.
2339 4363 2694 4435 Interdum

174 4454 441 4539 quidam
488 4478 526 4527 e
600 4456 789 4528 Clero
824 4512 840 4544 ,
911 4456 1355 4545 doctoresque
1429 4457 1803 4549 Theologi,
1857 4469 1921 4527 et
1968 4456 2086 4526 alii
2159 4454 2407 4526 mundi
2476 4450 2695 4539 hujus
