3327 4999
644 264 773 330 760
1330 219 1416 325 .OE
1462 278 1554 325 ss.
1608 275 1779 324 unm
1824 275 1901 323 m:
1947 273 2146 324 socus
2193 276 2322 328 uu„
2622 259 2730 324 Ex
2778 259 2951 325 DEC.
3009 261 3093 324 10

556 364 915 456 exciperet:
968 384 1127 433 cum
1158 362 1285 433 hac
1313 361 1464 452 ipsa
1489 360 1659 431 hora
1708 361 1928 431 noctis
1956 371 2438 450 congregasset
2468 382 2582 431 eos
2612 362 2734 448 qui
2780 383 2862 430 ex
2909 360 3095 432 clero

557 453 769 526 simul
816 451 1103 523 aderant
1146 463 1212 522 et
1271 450 1607 538 quosdam
1659 449 1809 541 pios
1856 462 1919 520 et
1975 449 2248 530 fideleS,
2309 472 2469 520 cum
2518 451 2617 520 eis
2668 451 2960 542 perrexit
3007 451 3098 520 ad

557 544 756 616 litora
801 564 977 631 quae
1023 541 1084 611 ei
1131 539 1518 612 ostenderat
1565 540 1624 609 is
1677 539 1798 627 qui
1846 551 2281 630 apparuerat.
2351 544 2516 609 Cum
2576 553 2803 610 autem
2859 563 3102 611 versus

558 655 745 706 mare
788 631 1220 703 intenderent
1266 629 1524 711 ocuIOS‚
1564 641 1840 721 repente
1871 628 2101 699 vident
2150 627 2399 708 lucem,
2449 641 2774 717 tanquam
2825 630 3101 701 colurn-

556 747 714 794 nam
764 744 801 792 e
846 720 1034 792 coelo
1080 742 1301 808 usque
1349 719 1433 788 ad
1488 741 1674 790 mare
1732 717 2210 809 pervadentem
2252 729 2318 786 et
2367 718 2435 787 in
2483 719 2780 806 quadam
2843 721 3107 809 cymba

554 810 1062 902 quodammodo
1095 807 1476 879 fundatam:
1530 807 1706 877 duos
1742 829 1894 877 vero
1948 807 2125 877 viros
2194 820 2477 897 aspectu
2531 808 2960 899 praeclaros,
3023 831 3108 878 ex

555 917 847 988 utraque
893 911 1082 990 parte
1137 897 1512 969 honorifice
1570 908 1633 966 et
1694 895 2170 966 venerabiliter
2230 898 2900 987 appropinquantes.
2958 897 3105 966 Idi-

557 1013 760 1151 pfflbm
808 1001 1036 1060 autem
1083 986 1268 1076 quod
1319 986 1699 1068 videbatur,
1752 986 2095 1078 appellere
2134 984 2217 1056 ad
2271 999 2512 1076 portus
2561 988 2633 1056 in
2682 989 2942 1076 quibus
2993 987 3103 1057 illi

560 1095 659 1154 sta
714 1090 856 1149 ant.

642 1173 679 1260 ξ
734 1172 902 1240 39.
955 1171 1318 1256 Postquam
1356 1188 1511 1237 vero
1561 1165 1891 1258 paulatim
1927 1165 2055 1235 fuit
2106 1163 2391 1260 propius
2439 1178 2505 1236 et
2542 1167 2687 1257 jam
2738 1167 3094 1258 cognitum

556 1258 708 1341 fuit,
761 1280 912 1328 eam
963 1278 1111 1329 esse
1159 1279 1390 1328 arcam
1437 1268 1502 1326 et
1549 1278 1684 1327 non
1738 1278 2021 1337 navem,
2081 1253 2595 1327 considerantes
2643 1278 2817 1337 eam,
2875 1279 3099 1344 neque

556 1371 716 1420 cum
762 1347 991 1418 undae
1037 1359 1232 1417 erant
1278 1368 1636 1426 convexae,
1672 1344 1960 1414 resilire:
2003 1366 2220 1432 neque
2259 1367 2419 1414 cum
2451 1367 2694 1417 rursus
2728 1369 3092 1427 concavae,

555 1437 807 1507 delabi:
859 1447 926 1506 et
957 1436 1106 1507 sine
1153 1436 1362 1506 remis
1408 1448 1473 1505 et
1519 1434 1711 1505 clavo
1752 1433 2025 1525 ingredi
2075 1446 2140 1503 et
2194 1456 2274 1503 ex
2321 1433 2607 1504 adverso
2659 1436 2955 1505 virorum
3013 1434 3097 1504 il-

557 1525 782 1596 lorum
831 1525 1195 1617 navigare:
1249 1524 1615 1611 lucemque
1661 1545 1811 1593 esse
1873 1522 2158 1592 multam
2210 1536 2274 1593 et
2341 1523 2775 1613 splendidam
2827 1538 2891 1594 et
2942 1538 3097 1595 tan-

557 1627 720 1697 tam,
771 1627 849 1685 ut
895 1636 1032 1685 non
1085 1615 1318 1685 minus
1364 1634 1571 1701 quam
1625 1612 1734 1682 Sol
1770 1611 2445 1683 locum'illustraret:
2499 1628 2565 1682 et
2614 1616 2792 1686 viros
2833 1615 2988 1684 illos
3023 1615 3095 1684 in
3144 1629 3150 1633 ’

559 1726 629 1777 se
677 1702 850 1774 ferre
915 1701 1195 1791 quidem
1245 1703 1441 1794 signa
1509 1700 1872 1793 cujusdam
1924 1699 2198 1770 divinae
2274 1700 2705 1775 admirabilis
2757 1717 3090 1786 naturae,

557 1793 678 1882 qui
726 1794 746 1862 i
802 1794 860 1863 si
899 1815 1174 1880 quoque
1210 1790 1720 1879 quodammodo
1754 1789 2047 1881 pedibus
2087 1790 2654 1881 ingrediebantur
2695 1817 2817 1884 per
2840 1816 3094 1881 aquam

558 1881 736 1953 etde
789 1882 1084 1954 ucebant
1129 1903 1407 1973 capsam
1456 1903 1615 1951 cum
1667 1878 1968 1967 quadam
2019 1880 2426 1949 reverentia:
2472 1903 2710 1952 omnes
2762 1898 2981 1953 metus
3030 1895 3095 1952 et

559 1973 800 2043 horror
850 1972 1212 2043 invaserat.
1265 1975 1476 2057 Atque
1507 1968 1743 2060 Angeli
1774 1970 2051 2057 quidem
2090 1991 2337 2060 capsae
2375 1970 2715 2053 ductores,
2760 1996 2918 2042 curn
2943 1974 3090 2062 jam

558 2061 976 2132 fuissentin
1049 2071 1420 2150 conspectu
1484 2081 1724 2129 eorum
1783 2059 1901 2145 qui
1977 2058 2326 2140 astabant,
2404 2082 2562 2130 cum
2633 2073 2897 2132 tantum
2967 2061 3092 2130 visi

557 2164 783 2222 essent
828 2163 892 2220 et
921 2149 1614 2241 appropinquassent,
1659 2161 1992 2235 quantum
2046 2149 2210 2219 satis
2258 2162 2402 2219 erat
2448 2149 2532 2219 ad
2586 2150 3085 2233 mandandum,

558 2240 679 2311 ubi
717 2261 901 2309 nunc
948 2239 1226 2327 quidem
1279 2250 1611 2328 martyres
1652 2259 1904 2328 ponere
1950 2249 2274 2328 oporteat,
2335 2252 2612 2329 propter
2654 2240 3094 2331 Imperatoris

559 2329 928 2399 amentiam
977 2339 1041 2397 et
1086 2327 1207 2397 ubi
1257 2326 1462 2418 paulo
1514 2340 1662 2418 post
1712 2339 1988 2417 propter
2032 2348 2268 2398 eorum
2322 2328 2765 2411 voluntatem,
2807 2345 2870 2399 et
2917 2352 3094 2417 quae

558 2429 623 2487 et
675 2416 1260 2506 quemadmodum
1312 2415 1531 2486 facere
1578 2428 1906 2507 oporteat,
1960 2428 2235 2507 repente
2282 2439 2363 2487 ex
2421 2440 2656 2488 eorum
2716 2419 2939 2489 oculis
2987 2441 3095 2489 re·—

559 2520 935 2578 cesserunt.
973 2507 1355 2597 Episcopus
1395 2518 1621 2577 autem
1673 2517 1737 2576 et
1783 2507 1904 2594 qui
1938 2529 2096 2576 cum
2125 2528 2204 2577 eo
2261 2508 2565 2589 aderant,
2611 2509 2911 2599 primum
2942 2510 3096 2597 qui-

559 2596 713 2666 dem
782 2617 980 2666 arcae
1052 2595 1509 2678 circumfusi,
1580 2617 1731 2665 eam
1794 2594 2435 2686 amplectebantur:
2514 2609 2874 2689 postquam
2939 2621 3097 2669 vero

560 2684 1040 2755 intellexerunt
1086 2707 1236 2755 eam
1275 2706 1426 2756 esse
1473 2697 1678 2755 totam
1730 2684 2042 2765 ferream,
2084 2707 2199 2755 eos
2247 2697 2488 2776 stupor
2536 2687 2808 2769 invasit,
2869 2689 3100 2758 consi-

559 2774 877 2845 derantes
922 2796 1226 2862 quonam
1299 2773 1502 2843 modo
1551 2796 1762 2863 supra
1813 2786 1947 2844 tam
2000 2787 2273 2843 tenuem
2324 2776 2744 2867 navigaverit
2804 2777 3099 2868 superfi—

559 2863 760 2945 ciem,
823 2886 960 2933 non
1009 2863 1292 2934 omnino
1341 2865 1623 2943 obruta;
1680 2875 1743 2933 et
1790 2874 1955 2932 tunc
2002 2863 2307 2950 quidem,
2350 2887 2509 2935 cum
2561 2888 2709 2936 eam
2763 2888 2973 2957 supra
3024 2867 3096 2936 in

558 2973 786 3023 arcem
819 2952 1247 3034 detulissent,
1301 2952 1374 3020 in
1421 2951 1690 3022 occulto
1718 2951 2019 3039 quodam
2062 2952 2316 3044 templo
2345 2954 2878 3039 absconderunt,
2915 2956 3100 3027 sicut

552 3041 738 3133 jussi
784 3041 1075 3112 fuerant.

652 3138 691 3213 ἓ
768 3136 933 3204 40.
973 3135 1338 3218 Postquam
1386 3140 1615 3200 autem
1658 3129 1888 3201 statim
1926 3153 2239 3202 reversus
2290 3133 2707 3225 Maximinus
2753 3146 2818 3205 et
2855 3136 3101 3206 evesti-

562 3219 674 3313 gio
724 3219 929 3310 plaga
974 3218 1305 3289 divinitus
1378 3218 1687 3289 immissa
1754 3242 2125 3311 percussus
2155 3276 2170 3302 ,
2228 3223 2532 3323 privatus
2578 3224 2708 3293 fuit
2765 3225 2985 3295 oculis
3033 3236 3099 3295 et

564 3307 774 3381 simul
852 3309 939 3379 ab
985 3307 1258 3411 Angelis
1324 3308 1756 3400 flagellatus,
1809 3321 1885 3380 ut
1949 3308 2095 3401 ipse
2143 3334 2290 3382 suls
2367 3312 2538 3382 dixit
2606 3312 3093 3395 familiaribuS,

562 3398 803 3490 paucis
845 3410 997 3489 post
1042 3397 1287 3468 diebus
1335 3398 1706 3490 expiravit:
1776 3421 1936 3470 cum
1989 3413 2139 3489 post
2189 3400 2460 3491 plagam
2518 3412 2582 3471 et
2630 3403 2902 3492 flagella
2954 3418 3101 3473 tan-

562 3499 708 3558 tum
751 3487 1027 3558 vixisset
1078 3487 1429 3578 temporis,
1483 3500 1821 3576 quantum
1872 3489 2037 3559 satis
2083 3503 2225 3559 erat
2273 3490 2357 3559 ad
2407 3490 2857 3581 aperiendum
2907 3515 3101 3562 arca-

561 3597 729 3647 num
782 3578 865 3648 iis
913 3576 1034 3665 qui
1095 3577 1182 3647 ad
1234 3578 1463 3668 ipsum
1532 3599 1780 3669 genere
1827 3578 2245 3648 attinebant:
2328 3601 2412 3648 ne
2477 3580 2716 3651 lateret
2765 3582 3100 3652 Dominus

567 3665 821 3737 'udicia
876 3666 1135 3737 faciens
1182 3666 1527 3756 etbdivina
1578 3666 1850 3758 justitia
1895 3668 2097 3738 etiam
2151 3668 2262 3738 hic
2311 3668 2528 3739 malos
2578 3670 2922 3760 puniens:
2978 3672 3102 3740 ad—

613 3755 780 3826 ibita
827 3756 1118 3826 audacia
1166 3756 1570 3857 EpiscopuS‚
1624 3756 2070 3828 considerans
2120 3756 2332 3827 solam
2384 3758 2588 3828 fidem
2647 3758 2960 3830 sufficere
3007 3761 3095 3830 ad

560 3844 920 3926 auxilium,
966 3866 1214 3933 magno
1257 3844 1484 3915 studio
1514 3857 1578 3914 et
1611 3845 1868 3915 honore
1899 3848 2316 3918 transferens
2351 3847 2878 3919 fortissimorum
2918 3872 3100 3919 mar-

562 3945 793 4024 tyrum
846 3933 1091 4004 Christi
1140 3954 1449 4024 corpora,
1499 3955 1710 4024 prope
1751 3936 2019 4005 moenia
2070 3937 2248 4006 arcis
2286 3959 2361 4004 ea
2396 3936 2736 4027 deposuit,
2777 3939 3099 4010 custodes

560 4021 840 4110 quidem
893 4022 1207 4104 civitatiS,
1264 4023 1738 4113 navigantium
1792 4035 2020 4093 autem
2069 4040 2621 4096 conservatores:
2675 4048 2909 4096 eorum
3025 4029 3098 4098 ui

560 4124 725 4181 sunt
773 4111 843 4180 in
897 4112 1156 4183 morbis
1203 4122 1268 4180 et
1306 4111 1837 4193 calamitatibus,
1890 4113 2351 4183 certissimum
2415 4115 2760 4198 solatium,
2816 4117 2900 4185 ad
2951 4050 3100 4208 gio-

558 4200 733 4271 riam
786 4200 1021 4292 magni
1070 4201 1187 4271 Dei
1224 4214 1291 4270 et
1321 4201 1694 4272 Servatoris
1727 4201 1942 4272 nostri
1978 4207 2143 4273 Jesu
2192 4203 2459 4275 Christi.

612 4328 727 4372 Vide
754 4328 806 4370 tn
827 4329 947 4371 mc
969 4329 1218 4371 historiam
1238 4329 1500 4371 adnotanda
1520 4327 1570 4369 in
1598 4329 1880 4371 Mam-raon.
1900 4331 2116 4372 Intus'rss.
2134 4331 2173 4372 X
2194 4332 2302 4373 Dec.
