3327 4999
676 311 760 381 58
1522 333 1601 379 ns
1650 333 1706 379 s.
1761 331 1994 380 com-:TA
2041 333 2210 381 vinc.
2795 317 3040 384 MART.
3098 320 3143 384 6

594 412 991 485 incolumis.
1046 410 1224 483 Abiit
1269 411 1688 499 quandoque
1725 412 1948 482 Coleta
1979 412 2065 482 ad
2098 411 2519 503 expedienda
2554 413 2889 500 quaedam
2925 437 3142 507 nego-

595 504 689 573 tia
708 500 1064 592 religionis
1094 521 1285 571 suae.
1319 500 1512 570 Venit
1539 521 1700 569 cum
1728 501 1969 591 paucis
1998 501 2369 573 comitibus
2391 501 2474 575 ad
2510 502 2732 593 ripam
2765 503 3142 661 cu{usdam

640 590 918 661 rofundi
967 590 1305 660 fluminis:
1356 589 1480 659 ubi
1525 612 1686 659 cum
1738 589 1933 659 nulla
1978 602 2156 661 esset
2194 590 2410 668 navis,
2452 603 2700 661 nautae
2731 593 2851 660 nul
2887 593 2932 672 i,
2970 617 3142 682 con-

640 680 810 750 dens
859 679 980 748 illa
1026 679 1298 748 divinae
1339 677 1665 761 bonitati,
1709 679 1986 770 signum
2038 678 2271 750 Crucis
2317 678 2581 762 edidit,
2634 679 3141 753 confessarium

591 791 799 840 suum
830 789 1106 859 rogam,
1143 780 1221 838 ut
1251 767 1434 836 idem
1467 765 1741 836 faceret.
1788 767 2043 837 Deinde
2076 790 2314 838 secure
2356 768 2635 838 tentavit
2663 770 3141 860 periculosum

587 858 716 929 iter
743 857 1037 949 ingredi,
1077 856 1286 943 idque
1323 877 1484 925 cum
1529 856 1858 927 omnibus
1901 856 2049 927 suis
2083 857 2333 948 partim
2367 856 2736 946 peditibus,
2778 861 3026 949 partim
3065 883 3141 929 e-

634 946 900 1016 uitibus
947 946 1098 1016 sine
1193 945 1451 1015 ericulo
1499 943 1811 1015 confecit.
1847 945 2058 1014 Paulo
2089 958 2240 1036 post
2272 945 2475 1015 multi
2504 946 2790 1033 equites,
2829 948 3142 1020 robustis

614 1036 739 1104 reti
773 1034 992 1122 equiS,
1046 1056 1124 1105 eo
1177 1056 1286 1104 em
1350 1032 1499 1103 loco
1547 1034 1808 1104 ssumen
1859 1034 2318 1103 transmittere
2364 1035 2689 1116 volentes,
2743 1037 3141 1127 petulanter

582 1124 926 1194 dicebant:
967 1146 1002 1190 «
1038 1123 1104 1193 si
1138 1129 1228 1193 Be
1278 1123 1436 1192 ardi
1472 1122 1578 1212 (a)
1605 1134 1672 1192 et
1703 1122 2100 1213 hypocritae
2148 1121 2247 1192 illi
2299 1123 2630 1192 transiere
2677 1126 2927 1205 securi,
2962 1128 3134 1213 quid

592 1235 718 1282 nos
784 1213 1076 1282 transire
1140 1211 1236 1282 du
1289 1212 1543 1281 itamus
1574 1214 1605 1278 ‘P
1667 1234 1703 1279 »
1752 1210 2055 1302 Ingressi
2104 1211 2315 1302 igitur
2361 1213 2622 1281 flumen
2678 1214 3131 1298 confidenter,

582 1302 833 1371 misere
898 1301 1243 1372 submersi
1293 1301 1667 1391 perierunt.

668 1392 704 1477 ξ
751 1395 917 1462 39.
971 1395 1128 1460 Erat
1173 1389 1244 1458 in
1294 1389 1593 1477 quodam
1645 1388 2062 1461 monasterio
2111 1408 2302 1460 soror
2340 1391 2682 1476 quaedam
2731 1390 2869 1459 vita
2917 1391 3136 1461 hone·

588 1484 714 1559 sta,
770 1478 955 1549 fama
1000 1478 1360 1549 laudabili.
1413 1483 1527 1560 Ea,
1582 1483 1716 1547 Deo
1762 1478 2218 1571 permittente,
2270 1479 2747 1567 quinquennio
2798 1479 3137 1552 laboravit

588 1568 830 1637 morbo
877 1567 1258 1648 comitiali,
1310 1566 1618 1655 quotidie
1665 1579 1743 1638 ut
1791 1566 2162 1640 minimum
2226 1568 2435 1637 semel
2503 1568 2703 1637 humi
2771 1589 3130 1651 corruenS,

591 1655 1022 1742 multamque
1067 1656 1154 1725 ab
1193 1678 1309 1726 ore
1355 1678 1682 1746 spumam
1731 1655 1950 1727 instar
1998 1657 2152 1746 apri
2198 1659 2557 1727 venatione
2604 1657 2926 1748 exagitati
2973 1661 3138 1750 ege-

586 1767 770 1815 rens:
817 1745 1069 1819 deinde
1101 1745 1321 1815 instar
1350 1744 1838 1815 daemoniacae
1885 1744 2076 1814 rabie
2135 1745 2434 1832 quadam
2486 1745 2867 1816 insaniens.
2932 1748 3141 1848 Liga-

583 1834 749 1903 bant
797 1834 991 1906 illam
1039 1834 1320 1920 quidem
1370 1847 1435 1903 et
1482 1833 1743 1903 fortiter
1788 1833 2186 1904 detinebant
2248 1834 2566 1904 homines
2614 1835 2841 1915 forteS‚
2895 1850 2965 1905 at
3013 1837 3139 1907 illa

584 1922 816 1992 invitis
864 1923 954 1992 iis
991 1922 1310 1993 exiliebat
1348 1922 1640 2014 turpiter
1668 1944 1910 2010 usque
1956 1923 2040 1992 ad
2095 1923 2343 2003 trabes,
2390 1926 2478 1994 ab
2526 1946 2643 1993 ore
2691 1946 2978 1994 vomens
3018 1948 3140 1995 ca-

586 2010 798 2081 lorem
850 2012 1299 2094 teterrimum,
1354 2010 1652 2081 fornacis
1700 2011 1940 2083 instar:
1997 2012 2233 2099 sicque
2283 2012 2405 2082 diu
2456 2012 2926 2104 permanebat,
2992 2036 3138 2084 non

593 2100 743 2169 sine
794 2100 1006 2170 multa
1058 2100 1351 2169 aliarum
1404 2122 1717 2170 sororum
1771 2100 2103 2182 molestia,
2143 2102 2612 2192 ignorantium
2642 2100 2810 2189 quid
2843 2103 3140 2173 remedii

588 2189 1013 2259 adhiberent.
1053 2190 1354 2260 Tandem
1404 2189 1795 2259 recordatae
1829 2190 2158 2258 virtutum
2195 2190 2456 2260 Coletae
2496 2191 2760 2273 matris,
2798 2192 2949 2281 ejus
2967 2213 3142 2350 (pre-

586 2278 785 2348 cibus
833 2279 1078 2348 obnixe
1126 2279 1318 2349 illam
1366 2277 1964 2348 commendarunt.
2020 2278 2145 2348 Illa
2195 2279 2384 2348 misit
2421 2280 2508 2347 ad
2555 2301 2706 2349 eam
2756 2302 2960 2366 quem
3014 2304 3138 2351 arn

588 2366 1081 2438 confessarium
1134 2390 1370 2448 suum,
1413 2367 1535 2453 qui
1583 2366 1808 2437 fidens
1857 2366 2120 2436 Coletae
2154 2368 2440 2450 meritis,
2478 2368 2677 2459 signo
2711 2370 2940 2439 crucis
2975 2393 3138 2439 mu-

587 2455 757 2526 nivit
804 2478 1005 2537 eam,
1061 2456 1318 2544 illaque
1375 2466 1650 2546 repente
1724 2454 2009 2525 omnino
2055 2456 2424 2527 convaluit.
2491 2462 2693 2528 Soror
2738 2463 3008 2530 Joanna
3049 2458 3138 2529 de

583 2551 866 2615 Lasarre
912 2545 1101 2616 diras
1151 2545 1539 2636 patiebatur
1585 2544 1655 2612 in
1702 2566 1914 2615 manu
1948 2545 2239 2616 dolores.
2273 2547 2598 2618 Nesciens
2637 2569 2793 2618 vero
2842 2548 3009 2635 quid
3065 2572 3138 2619 a-

579 2647 787 2726 geret,
834 2635 1109 2704 tandem
1160 2633 1515 2703 constituit
1561 2654 1633 2702 se
1680 2633 1767 2702 ad
1819 2633 2110 2704 Coletam
2146 2647 2429 2705 matrem
2467 2635 2799 2720 conferre,
2837 2659 3138 2725 eamque

578 2746 842 2813 rogare,
896 2734 971 2791 ut
1019 2737 1154 2792 tam
1211 2721 1390 2790 male
1436 2722 1717 2792 affectae
1767 2724 2006 2792 manui
2056 2723 2112 2792 si
2166 2746 2335 2793 num
2384 2724 2620 2795 Crucis
2669 2725 3128 2817 imprimeret.

582 2814 778 2883 Venit
825 2812 1042 2912 igitur
1086 2810 1173 2880 ad
1222 2832 1400 2891 eam,
1457 2810 1682 2880 Coleta
1731 2810 1797 2879 id
1849 2811 1977 2881 lert
2022 2812 2091 2880 in
2151 2814 2332 2903 igne,
2406 2813 2647 2884 dolens
2695 2828 2761 2884 et
2816 2837 3142 2889 moerens

582 2900 714 2970 tale
761 2899 1124 2990 quippiam
1164 2921 1204 2968 a
1249 2922 1321 2969 se
1351 2899 1554 2990 exigi,
1591 2899 1860 2990 repellit
1909 2922 2197 2972 manum
2249 2914 2623 2993 aegrotam,
2666 2924 2819 2972 eam
2870 2905 3137 2974 extrin-

582 3010 782 3058 secus
833 3000 1099 3057 tantum
1150 3010 1278 3058 sua
1335 3001 1624 3078 tangens
1673 3011 1909 3059 manu.
1957 2995 2035 3059 Et
2087 3002 2310 3059 tamen
2364 2990 2483 3061 tali
2533 3002 2876 3074 contactu,
2930 2994 3138 3080 quasi

580 3076 667 3146 ab
728 3076 1140 3167 indignante
1185 3077 1509 3160 exhibito,
1577 3100 1783 3168 aegra
1831 3077 1953 3147 illa
1998 3077 2369 3148 incolumis
2417 3079 2644 3149 subito
2693 3082 2932 3151 evasit.
2987 3082 3135 3152 Alia

582 3165 925 3253 quaedam
972 3187 1166 3236 soror
1211 3164 1440 3236 triduo
1489 3166 1660 3236 nihil
1699 3165 1837 3237 fere
1867 3188 2088 3254 neque
2121 3168 2261 3237 cibi
2297 3190 2518 3254 neque
2607 3182 2765 3239 otus
2798 3171 3126 3262 sumpsit,

580 3255 876 3345 graviter
903 3253 1225 3325 laborans
1257 3257 1495 3327 morbo
1520 3255 1846 3343 quodam.
1884 3256 2047 3346 Ejus
2079 3257 2436 3327 recordata
2467 3262 2552 3328 Co
2582 3270 2713 3340 eta,
2752 3260 3129 3346 quaerebat

575 3344 861 3430 quinam
897 3343 1169 3413 valeret.
1222 3344 1825 3435 Respondentibus
1862 3344 2027 3425 illis,
2096 3344 2346 3416 misere
2391 3368 2545 3450 eam
2593 3349 2845 3429 vexari,
2890 3361 2960 3417 et
2991 3349 3128 3418 exi-

583 3432 850 3502 stimari
900 3433 1298 3524 propediem
1359 3434 1789 3515 morituram,
1853 3433 2077 3504 Coleta
2127 3447 2403 3526 sumpto
2446 3458 2624 3527 pane
2671 3436 2856 3517 rudi,
2924 3437 3133 3528 signo

582 3521 818 3591 Crucis
849 3543 1007 3590 eum
1040 3522 1475 3604 communiit,
1512 3522 1930 3610 mittensque
1965 3536 2303 3612 aegrotae,
2329 3525 2542 3615 jussit
2573 3536 2652 3594 ut
2682 3547 2842 3595 eum
2875 3547 3133 3613 quam-

576 3610 886 3702 primum
931 3610 1181 3681 ederet.
1235 3610 1416 3681 Fecit
1462 3611 1580 3681 illa
1630 3610 1752 3692 sic,
1792 3623 1857 3680 et
1904 3612 2236 3702 postridie
2274 3636 2445 3683 sana
2493 3613 2656 3684 exiit
2699 3637 2737 3683 e
2785 3614 3156 3686 valetudiss

581 3698 797 3768 narie.
853 3701 1242 3770 Morabatur
1286 3699 1705 3787 quandoque
1753 3699 1976 3770 Coleta
2014 3701 2085 3769 in
2122 3702 2539 3772 monasterio
2572 3703 2900 3790 quodam,
2936 3704 3132 3791 quod

574 3799 723 3858 erat
758 3788 828 3857 in
866 3787 1166 3880 regione,
1225 3788 1369 3857 vini
1433 3800 1499 3859 et
1547 3787 1878 3859 frumenti
1925 3790 2161 3880 inopia
2210 3790 2587 3861 laborante.
2634 3796 2944 3878 Cumque
2986 3815 3134 3864 non

624 3907 684 3954 (α)
710 3907 1015 3956 &qm-dorum
1041 3906 1272 3947 vocabulo
1301 3907 1596 3947 occasionem
1627 3907 1881 3955 arripimus
1917 3908 2107 3956 etymon
2138 3908 2407 3957 proterendi
2441 3909 2775 3950 contumeliosi
2808 3912 3133 3962 cognomenti

572 3968 667 4010 quo
683 3959 873 4009 pietatis
893 3961 1124 4001 derisores
1142 3960 1338 4000 devotas
1357 3960 1585 4001 foeminas
1613 3960 1956 4011 religiososque
1985 3962 2114 4001 viros
2147 3963 2440 4012 appellitant.
2471 3964 2691 4012 Baquarai
2715 3973 2884 4009 mares,
2904 3964 3134 4015 Regulam

578 4015 809 4054 foeminae
830 4013 1119 4059 dicebantur,
1136 4014 1418 4062 praesertim
1437 4013 1486 4052 in
1505 4014 1770 4059 Hollandia,
1789 4013 1871 4063 qui
1885 4016 2024 4063 juxta
2039 4016 2253 4064 regulam
2270 4017 2418 4056 Tertii
2440 4017 2629 4056 Ordinis
2658 4017 2701 4057 S.
2729 4017 2986 4064 Francisci,
3014 4020 3133 4060 reii-

571 4067 750 4117 giosam
771 4069 915 4108 vitam
936 4070 1069 4108 extra
1085 4067 1418 4108 coenobiorum
1447 4068 1657 4107 claustra
1686 4068 2035 4118 profiterentur.
2065 4070 2187 4110 Num
2216 4080 2244 4110 a
2276 4070 2319 4110 S.
2347 4071 2505 4120 Begga
2529 4069 2604 4123 (V.
2628 4079 2730 4110 xvxi
2760 4072 2886 4119 Dec.)
2917 4071 3134 4114 inditum

574 4131 758 4165 nomen,
776 4121 859 4160 alii
877 4119 1158 4169 disquirant.
1183 4121 1243 4159 At
1257 4120 1371 4160 haec
1390 4121 1579 4161 nomina
1596 4121 1647 4160 in
1665 4122 1928 4166 Germania,
1946 4123 1995 4161 in
2016 4121 2195 4162 Gallias
2216 4123 2264 4163 et
2283 4123 2407 4173 apud
2427 4123 2573 4164 Italos
2591 4125 2923 4164 usuvenernnt
2954 4126 3016 4165 ad
3043 4127 3126 4166 de·

575 4174 828 4223 signandas
845 4174 1158 4214 fanaticorum
1178 4174 1345 4219 sectas.
1363 4174 1447 4224 qui
1464 4175 1727 4223 pharisaico
1745 4184 1890 4220 more.
1907 4175 2212 4224 perfectionis
2229 4177 2399 4226 specie,
2420 4175 2642 4227 superbia
2656 4179 2705 4217 et
2722 4177 2965 4227 hypocrisi
2979 4179 3132 4227 ducti.

574 4228 726 4268 foedis
745 4237 797 4268 se
815 4227 1017 4273 tandem,
1036 4229 1087 4266 in
1106 4227 1422 4267 ostentatione
1443 4228 1723 4274 sanctitatis,
1743 4229 1981 4269 erroribus
2005 4230 2401 4270 contaminarunt.
2417 4230 2683 4270 viennense
2702 4231 2981 4276 Concilium.
2998 4243 3128 4275 anno

573 4289 761 4326 ucocxi.
778 4289 860 4320 eos
883 4280 1179 4320 anathemate
1199 4281 1417 4329 perculit.
1446 4281 1642 4322 Saeculo
1660 4286 1820 4322 tamen
1843 4292 1907 4323 xv
1922 4283 2074 4322 adhuc
2090 4284 2355 4331 serpebant.
2372 4284 2550 4324 Horum
2578 4285 2828 4333 praetextu
2862 4286 3128 4336 impiorum

574 4335 779 4374 mundus
809 4334 859 4373 in
886 4334 1092 4383 maligno
1119 4334 1319 4383 positus,
1348 4343 1510 4375 veram
1536 4335 1773 4384 pietatem,
1801 4336 2095 4380 modestiam.
2120 4337 2432 4382 devotionem,
2460 4337 2562 4377 sive
2585 4338 2675 4378 sub
2697 4339 2919 4389 religioso
2939 4339 3129 4386 habitu.

574 4388 673 4427 sive
698 4397 805 4432 non,
824 4388 1173 4434 Bizzoccorum,
1190 4388 1501 4439 Bigottorum,
1520 4389 1836 4441 Beghinarnm
1855 4389 1905 4429 et
1924 4389 2152 4430 similium
2179 4390 2353 4438 titulis,
2378 4392 2619 4441 tamquam
2649 4392 2872 4441 perfidiae
2900 4393 3031 4441 telis.
3056 4393 3127 4434 ia·

570 4450 757 4482 cessere
779 4442 1144 4482 consueverunt.
