<?xml version="1.0" encoding="UTF-8"?>
<!DOCTYPE html PUBLIC "-//W3C//DTD XHTML 1.0 Transitional//EN"
    "http://www.w3.org/TR/xhtml1/DTD/xhtml1-transitional.dtd">
<html xmlns="http://www.w3.org/1999/xhtml" xml:lang="en" lang="en">
 <head>
  <title>
</title>
<meta http-equiv="Content-Type" content="text/html;charset=utf-8" />
  <meta name='ocr-system' content='tesseract 3.04.00' />
  <meta name='ocr-capabilities' content='ocr_page ocr_carea ocr_par ocr_line ocrx_word'/>
</head>
<body>
  <div class='ocr_page' id='page_1' title='image "./historiaeseuvit04lippgoog_0399.png"; bbox 0 0 3327 4999; ppageno 0'>
   <div class='ocr_carea' id='block_1_1' title="bbox 220 316 2692 395">
    <p class='ocr_par' dir='ltr' id='par_1_1' title="bbox 220 316 2692 395">
     <span class='ocr_line' id='line_1_1' title="bbox 220 316 2692 395; baseline 0.002 -15"><span class='ocrx_word' id='word_1_1' title='bbox 220 316 472 381; x_wconf 74' lang='lat' dir='ltr'>MART.</span> <span class='ocrx_word' id='word_1_2' title='bbox 525 317 612 380; x_wconf 70' lang='lat'>20</span> <span class='ocrx_word' id='word_1_3' title='bbox 844 337 922 382; x_wconf 75' lang='lat' dir='ltr'>na</span> <span class='ocrx_word' id='word_1_4' title='bbox 971 337 1025 383; x_wconf 92' lang='lat' dir='ltr'>s.</span> <span class='ocrx_word' id='word_1_5' title='bbox 1080 336 1445 385; x_wconf 72' lang='lat' dir='ltr'>cumanam</span> <span class='ocrx_word' id='word_1_6' title='bbox 1494 336 1693 384; x_wconf 72' lang='lat' dir='ltr'>muse.</span> <span class='ocrx_word' id='word_1_7' title='bbox 1747 336 2145 386; x_wconf 74' lang='lat' dir='ltr'>LINDISFARN.</span> <span class='ocrx_word' id='word_1_8' title='bbox 2561 320 2692 395; x_wconf 77' lang='lat'>385</span> 
     </span>
    </p>
   </div>
   <div class='ocr_carea' id='block_1_2' title="bbox 221 418 2824 4480">
    <p class='ocr_par' dir='ltr' id='par_1_2' title="bbox 221 418 2790 701">
     <span class='ocr_line' id='line_1_2' title="bbox 221 418 2782 521; baseline 0.001 -35"><span class='ocrx_word' id='word_1_9' title='bbox 221 418 540 508; x_wconf 75' lang='lat' dir='ltr'>replicat,</span> <span class='ocrx_word' id='word_1_10' title='bbox 595 419 801 488; x_wconf 89' lang='lat' dir='ltr'>modo</span> <span class='ocrx_word' id='word_1_11' title='bbox 866 421 999 490; x_wconf 89' lang='lat' dir='ltr'>sub</span> <span class='ocrx_word' id='word_1_12' title='bbox 1037 434 1389 521; x_wconf 87' lang='lat' dir='ltr'>praetextu</span> <span class='ocrx_word' id='word_1_13' title='bbox 1434 422 1721 491; x_wconf 88' lang='lat' dir='ltr'>alterius</span> <span class='ocrx_word' id='word_1_14' title='bbox 1763 443 2093 511; x_wconf 78' lang='lat' dir='ltr'>personae</span> <span class='ocrx_word' id='word_1_15' title='bbox 2124 421 2451 508; x_wconf 89' lang='lat' dir='ltr'>loquitur,</span> <span class='ocrx_word' id='word_1_16' title='bbox 2492 422 2731 491; x_wconf 89' lang='lat' dir='ltr'>dicens</span> <span class='ocrx_word' id='word_1_17' title='bbox 2765 445 2782 488; x_wconf 73' lang='grc' dir='ltr'><strong>ε</strong></span> 
     </span>
     <span class='ocr_line' id='line_1_3' title="bbox 224 506 2790 601; baseline 0.002 -26"><span class='ocrx_word' id='word_1_18' title='bbox 224 508 383 575; x_wconf 82' lang='lat' dir='ltr'>Scio</span> <span class='ocrx_word' id='word_1_19' title='bbox 417 506 767 575; x_wconf 89' lang='lat' dir='ltr'>hominem</span> <span class='ocrx_word' id='word_1_20' title='bbox 796 509 868 577; x_wconf 89' lang='lat' dir='ltr'>in</span> <span class='ocrx_word' id='word_1_21' title='bbox 900 509 1186 590; x_wconf 80' lang='lat' dir='ltr'>Christo,</span> <span class='ocrx_word' id='word_1_22' title='bbox 1223 525 1381 579; x_wconf 89' lang='lat' dir='ltr'>ante</span> <span class='ocrx_word' id='word_1_23' title='bbox 1413 532 1633 580; x_wconf 86' lang='lat' dir='ltr'>annos</span> <span class='ocrx_word' id='word_1_24' title='bbox 1663 509 2213 594; x_wconf 88' lang='lat' dir='ltr'>quatuordecim,</span> <span class='ocrx_word' id='word_1_25' title='bbox 2250 522 2525 601; x_wconf 88' lang='lat' dir='ltr'>raptum</span> <span class='ocrx_word' id='word_1_26' title='bbox 2566 532 2790 599; x_wconf 88' lang='lat' dir='ltr'>usque</span> 
     </span>
     <span class='ocr_line' id='line_1_4' title="bbox 229 594 2311 701; baseline 0.001 -38"><span class='ocrx_word' id='word_1_27' title='bbox 229 594 322 663; x_wconf 88' lang='lat' dir='ltr'>ad</span> <span class='ocrx_word' id='word_1_28' title='bbox 374 595 654 663; x_wconf 89' lang='lat' dir='ltr'>tertium</span> <span class='ocrx_word' id='word_1_29' title='bbox 702 597 998 677; x_wconf 81' lang='lat' dir='ltr'>coelum3</span> <span class='ocrx_word' id='word_1_30' title='bbox 1051 611 1116 667; x_wconf 90' lang='lat' dir='ltr'>et</span> <span class='ocrx_word' id='word_1_31' title='bbox 1144 611 1408 668; x_wconf 88' lang='lat' dir='ltr'>caetera</span> <span class='ocrx_word' id='word_1_32' title='bbox 1452 599 1640 667; x_wconf 89' lang='lat' dir='ltr'>illius</span> <span class='ocrx_word' id='word_1_33' title='bbox 1691 598 1824 667; x_wconf 87' lang='lat' dir='ltr'>loci</span> <span class='ocrx_word' id='word_1_34' title='bbox 1869 598 1929 701; x_wconf 75' lang='lat' dir='ltr'>(l</span> <span class='ocrx_word' id='word_1_35' title='bbox 1987 603 2129 667; x_wconf 83' lang='lat' dir='ltr'>Cor.</span> <span class='ocrx_word' id='word_1_36' title='bbox 2169 597 2311 685; x_wconf 83' lang='lat' dir='ltr'>xn).</span> 
     </span>
    </p>

    <p class='ocr_par' dir='ltr' id='par_1_3' title="bbox 221 686 2824 4480">
     <span class='ocr_line' id='line_1_5' title="bbox 316 686 2789 775; baseline 0.002 -25"><span class='ocrx_word' id='word_1_37' title='bbox 316 686 355 768; x_wconf 69' lang='grc' dir='ltr'>ξ</span> <span class='ocrx_word' id='word_1_38' title='bbox 430 687 526 751; x_wconf 77' lang='grc'>9.</span> <span class='ocrx_word' id='word_1_39' title='bbox 582 688 848 754; x_wconf 85' lang='lat' dir='ltr'>Interea</span> <span class='ocrx_word' id='word_1_40' title='bbox 895 686 1061 772; x_wconf 88' lang='lat' dir='ltr'>quia</span> <span class='ocrx_word' id='word_1_41' title='bbox 1106 686 1373 775; x_wconf 82' lang='lat' dir='ltr'>fragilis</span> <span class='ocrx_word' id='word_1_42' title='bbox 1420 699 1521 755; x_wconf 88' lang='lat' dir='ltr'>est</span> <span class='ocrx_word' id='word_1_43' title='bbox 1550 698 1615 756; x_wconf 90' lang='lat' dir='ltr'>et</span> <span class='ocrx_word' id='word_1_44' title='bbox 1647 708 1834 754; x_wconf 90' lang='lat' dir='ltr'>more</span> <span class='ocrx_word' id='word_1_45' title='bbox 1864 686 2016 755; x_wconf 77' lang='lat' dir='ltr'>ireti</span> <span class='ocrx_word' id='word_1_46' title='bbox 2047 686 2372 756; x_wconf 89' lang='lat' dir='ltr'>volubilis</span> <span class='ocrx_word' id='word_1_47' title='bbox 2420 688 2649 756; x_wconf 92' lang='lat' dir='ltr'>omnis</span> <span class='ocrx_word' id='word_1_48' title='bbox 2684 709 2789 758; x_wconf 87' lang='lat' dir='ltr'>se-</span> 
     </span>
     <span class='ocr_line' id='line_1_6' title="bbox 221 771 2789 864; baseline 0.001 -23"><span class='ocrx_word' id='word_1_49' title='bbox 221 771 369 841; x_wconf 91' lang='lat' dir='ltr'>culi</span> <span class='ocrx_word' id='word_1_50' title='bbox 419 781 660 852; x_wconf 82' lang='lat' dir='ltr'>statuS,</span> <span class='ocrx_word' id='word_1_51' title='bbox 728 774 1022 843; x_wconf 82' lang='lat' dir='ltr'><strong>instante</strong></span> <span class='ocrx_word' id='word_1_52' title='bbox 1080 777 1306 846; x_wconf 86' lang='lat' dir='ltr'>subito</span> <span class='ocrx_word' id='word_1_53' title='bbox 1357 776 1655 855; x_wconf 83' lang='lat' dir='ltr'>turbine,</span> <span class='ocrx_word' id='word_1_54' title='bbox 1714 774 2059 864; x_wconf 89' lang='lat' dir='ltr'>praefatus</span> <span class='ocrx_word' id='word_1_55' title='bbox 2111 776 2334 844; x_wconf 84' lang='lat' dir='ltr'>Abbas</span> <span class='ocrx_word' id='word_1_56' title='bbox 2376 779 2569 855; x_wconf 78' lang='lat' dir='ltr'>Bata,</span> <span class='ocrx_word' id='word_1_57' title='bbox 2625 797 2789 844; x_wconf 88' lang='lat' dir='ltr'>cum</span> 
     </span>
     <span class='ocr_line' id='line_1_7' title="bbox 227 859 2789 948; baseline 0.002 -21"><span class='ocrx_word' id='word_1_58' title='bbox 227 859 600 929; x_wconf 76' lang='lat' dir='ltr'>cuthberto</span> <span class='ocrx_word' id='word_1_59' title='bbox 633 872 698 930; x_wconf 90' lang='lat' dir='ltr'>et</span> <span class='ocrx_word' id='word_1_60' title='bbox 729 863 1014 933; x_wconf 85' lang='lat' dir='ltr'>caeteris</span> <span class='ocrx_word' id='word_1_61' title='bbox 1048 885 1221 948; x_wconf 90' lang='lat' dir='ltr'>quos</span> <span class='ocrx_word' id='word_1_62' title='bbox 1256 886 1490 933; x_wconf 84' lang='lat' dir='ltr'>secum</span> <span class='ocrx_word' id='word_1_63' title='bbox 1541 863 1921 931; x_wconf 80' lang='lat' dir='ltr'>adduxerat</span> <span class='ocrx_word' id='word_1_64' title='bbox 1968 862 2320 942; x_wconf 83' lang='lat' dir='ltr'>fratribuS,</span> <span class='ocrx_word' id='word_1_65' title='bbox 2357 863 2644 932; x_wconf 88' lang='lat' dir='ltr'>domum</span> <span class='ocrx_word' id='word_1_66' title='bbox 2679 885 2789 932; x_wconf 89' lang='lat' dir='ltr'>re-</span> 
     </span>
     <span class='ocr_line' id='line_1_8' title="bbox 224 946 2791 1039; baseline 0.001 -23"><span class='ocrx_word' id='word_1_67' title='bbox 224 946 478 1039; x_wconf 87' lang='lat' dir='ltr'>pulsus</span> <span class='ocrx_word' id='word_1_68' title='bbox 509 958 634 1026; x_wconf 82' lang='lat' dir='ltr'>est,</span> <span class='ocrx_word' id='word_1_69' title='bbox 669 960 733 1018; x_wconf 90' lang='lat' dir='ltr'>et</span> <span class='ocrx_word' id='word_1_70' title='bbox 766 950 957 1019; x_wconf 85' lang='lat' dir='ltr'>locus</span> <span class='ocrx_word' id='word_1_71' title='bbox 995 952 1391 1021; x_wconf 88' lang='lat' dir='ltr'>monasterii</span> <span class='ocrx_word' id='word_1_72' title='bbox 1422 951 1605 1037; x_wconf 89' lang='lat' dir='ltr'>quod</span> <span class='ocrx_word' id='word_1_73' title='bbox 1654 951 2095 1030; x_wconf 91' lang='lat' dir='ltr'>condiderat,</span> <span class='ocrx_word' id='word_1_74' title='bbox 2151 951 2306 1018; x_wconf 91' lang='lat' dir='ltr'>aliis</span> <span class='ocrx_word' id='word_1_75' title='bbox 2345 951 2428 1019; x_wconf 90' lang='lat' dir='ltr'>ad</span> <span class='ocrx_word' id='word_1_76' title='bbox 2482 951 2791 1020; x_wconf 88' lang='lat' dir='ltr'>incolen-</span> 
     </span>
     <span class='ocr_line' id='line_1_9' title="bbox 230 1037 2797 1110; baseline 0.002 -7"><span class='ocrx_word' id='word_1_77' title='bbox 230 1037 403 1105; x_wconf 91' lang='lat' dir='ltr'>dum</span> <span class='ocrx_word' id='word_1_78' title='bbox 459 1038 830 1106; x_wconf 88' lang='lat' dir='ltr'>monachis</span> <span class='ocrx_word' id='word_1_79' title='bbox 876 1039 1102 1108; x_wconf 90' lang='lat' dir='ltr'>datus.</span> <span class='ocrx_word' id='word_1_80' title='bbox 1155 1045 1287 1110; x_wconf 84' lang='lat' dir='ltr'>Nec</span> <span class='ocrx_word' id='word_1_81' title='bbox 1347 1052 1766 1109; x_wconf 88' lang='lat' dir='ltr'>memoratus</span> <span class='ocrx_word' id='word_1_82' title='bbox 1814 1038 2064 1107; x_wconf 79' lang='lat' dir='ltr'>athleta</span> <span class='ocrx_word' id='word_1_83' title='bbox 2124 1039 2370 1108; x_wconf 83' lang='lat' dir='ltr'>Christi</span> <span class='ocrx_word' id='word_1_84' title='bbox 2419 1039 2797 1108; x_wconf 81' lang='lat' dir='ltr'>mutatione</span> 
     </span>
     <span class='ocr_line' id='line_1_10' title="bbox 232 1123 2787 1218; baseline 0.002 -26"><span class='ocrx_word' id='word_1_85' title='bbox 232 1123 367 1193; x_wconf 86' lang='lat' dir='ltr'>loci</span> <span class='ocrx_word' id='word_1_86' title='bbox 405 1126 695 1194; x_wconf 86' lang='lat' dir='ltr'>mutavit</span> <span class='ocrx_word' id='word_1_87' title='bbox 745 1140 1043 1196; x_wconf 87' lang='lat' dir='ltr'>mentem</span> <span class='ocrx_word' id='word_1_88' title='bbox 1075 1128 1163 1197; x_wconf 91' lang='lat' dir='ltr'>ab</span> <span class='ocrx_word' id='word_1_89' title='bbox 1194 1140 1467 1218; x_wconf 88' lang='lat' dir='ltr'>arrepto</span> <span class='ocrx_word' id='word_1_90' title='bbox 1505 1127 1715 1197; x_wconf 90' lang='lat' dir='ltr'>semel</span> <span class='ocrx_word' id='word_1_91' title='bbox 1758 1128 2108 1217; x_wconf 87' lang='lat' dir='ltr'>proposito</span> <span class='ocrx_word' id='word_1_92' title='bbox 2137 1127 2421 1195; x_wconf 89' lang='lat' dir='ltr'>militiae</span> <span class='ocrx_word' id='word_1_93' title='bbox 2452 1126 2787 1207; x_wconf 83' lang='lat' dir='ltr'>coelestiS,</span> 
     </span>
     <span class='ocr_line' id='line_1_11' title="bbox 226 1213 2795 1313; baseline 0.001 -32"><span class='ocrx_word' id='word_1_94' title='bbox 226 1234 474 1281; x_wconf 82' lang='lat' dir='ltr'>verum</span> <span class='ocrx_word' id='word_1_95' title='bbox 525 1213 1078 1313; x_wconf 82' lang='lat' dir='ltr'>diligentissime,</span> <span class='ocrx_word' id='word_1_96' title='bbox 1125 1217 1324 1305; x_wconf 84' lang='lat' dir='ltr'>juxta</span> <span class='ocrx_word' id='word_1_97' title='bbox 1352 1216 1535 1302; x_wconf 87' lang='lat' dir='ltr'>quod</span> <span class='ocrx_word' id='word_1_98' title='bbox 1569 1229 1633 1285; x_wconf 91' lang='lat' dir='ltr'>et</span> <span class='ocrx_word' id='word_1_99' title='bbox 1663 1229 1822 1283; x_wconf 88' lang='lat' dir='ltr'>ante</span> <span class='ocrx_word' id='word_1_100' title='bbox 1853 1215 2074 1283; x_wconf 85' lang='lat' dir='ltr'>facere</span> <span class='ocrx_word' id='word_1_101' title='bbox 2104 1226 2571 1296; x_wconf 85' lang='lat' dir='ltr'>consueverat,</span> <span class='ocrx_word' id='word_1_102' title='bbox 2610 1215 2795 1285; x_wconf 84' lang='lat' dir='ltr'>beati</span> 
     </span>
     <span class='ocr_line' id='line_1_12' title="bbox 226 1300 2798 1393; baseline 0.001 -24"><span class='ocrx_word' id='word_1_103' title='bbox 226 1300 468 1369; x_wconf 87' lang='lat' dir='ltr'>Boisili</span> <span class='ocrx_word' id='word_1_104' title='bbox 513 1300 717 1371; x_wconf 80' lang='lat' dir='ltr'>dictis</span> <span class='ocrx_word' id='word_1_105' title='bbox 820 1304 1073 1392; x_wconf 89' lang='lat' dir='ltr'>pariter</span> <span class='ocrx_word' id='word_1_106' title='bbox 1133 1305 1568 1373; x_wconf 83' lang='lat' dir='ltr'>auscultabat</span> <span class='ocrx_word' id='word_1_107' title='bbox 1644 1316 1711 1373; x_wconf 91' lang='lat' dir='ltr'>et</span> <span class='ocrx_word' id='word_1_108' title='bbox 1757 1304 1951 1372; x_wconf 87' lang='lat' dir='ltr'>actis.</span> <span class='ocrx_word' id='word_1_109' title='bbox 2008 1308 2154 1385; x_wconf 85' lang='lat' dir='ltr'>Quo</span> <span class='ocrx_word' id='word_1_110' title='bbox 2232 1316 2559 1393; x_wconf 89' lang='lat' dir='ltr'>tempore,</span> <span class='ocrx_word' id='word_1_111' title='bbox 2615 1304 2798 1373; x_wconf 87' lang='lat' dir='ltr'>sicut</span> 
     </span>
     <span class='ocr_line' id='line_1_13' title="bbox 229 1389 2798 1481; baseline 0 -22"><span class='ocrx_word' id='word_1_112' title='bbox 229 1389 636 1459; x_wconf 82' lang='lat' dir='ltr'>Heresridus</span> <span class='ocrx_word' id='word_1_113' title='bbox 710 1389 1075 1461; x_wconf 85' lang='lat' dir='ltr'>familiaris</span> <span class='ocrx_word' id='word_1_114' title='bbox 1134 1393 1286 1481; x_wconf 86' lang='lat' dir='ltr'>ejus</span> <span class='ocrx_word' id='word_1_115' title='bbox 1336 1393 1691 1481; x_wconf 79' lang='lat' dir='ltr'>presbyter</span> <span class='ocrx_word' id='word_1_116' title='bbox 1736 1405 1801 1460; x_wconf 91' lang='lat' dir='ltr'>et</span> <span class='ocrx_word' id='word_1_117' title='bbox 1848 1391 2071 1461; x_wconf 72' lang='lat' dir='ltr'>Abbas</span> <span class='ocrx_word' id='word_1_118' title='bbox 2145 1391 2496 1476; x_wconf 91' lang='lat' dir='ltr'>quondam</span> <span class='ocrx_word' id='word_1_119' title='bbox 2558 1413 2798 1459; x_wconf 85' lang='lat' dir='ltr'>mona-</span> 
     </span>
     <span class='ocr_line' id='line_1_14' title="bbox 231 1477 2798 1570; baseline -0.001 -21"><span class='ocrx_word' id='word_1_120' title='bbox 231 1477 426 1549; x_wconf 88' lang='lat' dir='ltr'>sterii</span> <span class='ocrx_word' id='word_1_121' title='bbox 476 1478 1081 1561; x_wconf 82' lang='lat' dir='ltr'>LindisfarnensiS,</span> <span class='ocrx_word' id='word_1_122' title='bbox 1137 1481 1370 1570; x_wconf 90' lang='lat' dir='ltr'>ipsum</span> <span class='ocrx_word' id='word_1_123' title='bbox 1423 1480 1674 1548; x_wconf 86' lang='lat' dir='ltr'>referre</span> <span class='ocrx_word' id='word_1_124' title='bbox 1724 1478 2002 1567; x_wconf 85' lang='lat' dir='ltr'>solitum</span> <span class='ocrx_word' id='word_1_125' title='bbox 2047 1491 2350 1559; x_wconf 87' lang='lat' dir='ltr'>testatur,</span> <span class='ocrx_word' id='word_1_126' title='bbox 2394 1481 2636 1548; x_wconf 92' lang='lat' dir='ltr'>morbo</span> <span class='ocrx_word' id='word_1_127' title='bbox 2678 1500 2798 1569; x_wconf 90' lang='lat' dir='ltr'>pe-</span> 
     </span>
     <span class='ocr_line' id='line_1_15' title="bbox 230 1565 2799 1658; baseline -0.001 -22"><span class='ocrx_word' id='word_1_128' title='bbox 230 1565 597 1647; x_wconf 84' lang='lat' dir='ltr'>stilentiae,</span> <span class='ocrx_word' id='word_1_129' title='bbox 657 1589 794 1653; x_wconf 90' lang='lat' dir='ltr'>quo</span> <span class='ocrx_word' id='word_1_130' title='bbox 845 1581 1008 1637; x_wconf 88' lang='lat' dir='ltr'>tunc</span> <span class='ocrx_word' id='word_1_131' title='bbox 1075 1568 1362 1658; x_wconf 90' lang='lat' dir='ltr'>plurimi</span> <span class='ocrx_word' id='word_1_132' title='bbox 1410 1591 1532 1658; x_wconf 90' lang='lat' dir='ltr'>per</span> <span class='ocrx_word' id='word_1_133' title='bbox 1578 1568 2001 1637; x_wconf 89' lang='lat' dir='ltr'>Britanniam</span> <span class='ocrx_word' id='word_1_134' title='bbox 2055 1567 2257 1655; x_wconf 83' lang='lat' dir='ltr'>longe</span> <span class='ocrx_word' id='word_1_135' title='bbox 2306 1567 2577 1654; x_wconf 86' lang='lat' dir='ltr'>lateque</span> <span class='ocrx_word' id='word_1_136' title='bbox 2626 1567 2799 1635; x_wconf 82' lang='lat' dir='ltr'>defi-</span> 
     </span>
     <span class='ocr_line' id='line_1_16' title="bbox 230 1655 2799 1746; baseline 0.001 -23"><span class='ocrx_word' id='word_1_137' title='bbox 230 1655 532 1734; x_wconf 88' lang='lat' dir='ltr'>ciebant,</span> <span class='ocrx_word' id='word_1_138' title='bbox 586 1669 944 1745; x_wconf 87' lang='lat' dir='ltr'>correptus</span> <span class='ocrx_word' id='word_1_139' title='bbox 983 1668 1107 1726; x_wconf 90' lang='lat' dir='ltr'>est.</span> <span class='ocrx_word' id='word_1_140' title='bbox 1153 1663 1229 1725; x_wconf 84' lang='lat' dir='ltr'>At</span> <span class='ocrx_word' id='word_1_141' title='bbox 1269 1657 1511 1725; x_wconf 88' lang='lat' dir='ltr'>fratres</span> <span class='ocrx_word' id='word_1_142' title='bbox 1536 1656 1933 1725; x_wconf 88' lang='lat' dir='ltr'>monasterii</span> <span class='ocrx_word' id='word_1_143' title='bbox 1968 1655 2159 1724; x_wconf 89' lang='lat' dir='ltr'>illius</span> <span class='ocrx_word' id='word_1_144' title='bbox 2208 1667 2442 1736; x_wconf 90' lang='lat' dir='ltr'>totam,</span> <span class='ocrx_word' id='word_1_145' title='bbox 2487 1678 2608 1746; x_wconf 89' lang='lat' dir='ltr'>pro</span> <span class='ocrx_word' id='word_1_146' title='bbox 2641 1656 2799 1742; x_wconf 89' lang='lat' dir='ltr'>ejus</span> 
     </span>
     <span class='ocr_line' id='line_1_17' title="bbox 228 1742 2797 1834; baseline 0 -24"><span class='ocrx_word' id='word_1_147' title='bbox 228 1743 373 1811; x_wconf 87' lang='lat' dir='ltr'>vita</span> <span class='ocrx_word' id='word_1_148' title='bbox 420 1755 485 1811; x_wconf 93' lang='lat' dir='ltr'>et</span> <span class='ocrx_word' id='word_1_149' title='bbox 532 1742 752 1811; x_wconf 90' lang='lat' dir='ltr'>salute</span> <span class='ocrx_word' id='word_1_150' title='bbox 803 1757 1181 1834; x_wconf 88' lang='lat' dir='ltr'>precantes,</span> <span class='ocrx_word' id='word_1_151' title='bbox 1236 1745 1491 1814; x_wconf 79' lang='lat' dir='ltr'>duxere</span> <span class='ocrx_word' id='word_1_152' title='bbox 1542 1757 1811 1813; x_wconf 82' lang='lat' dir='ltr'>noctem</span> <span class='ocrx_word' id='word_1_153' title='bbox 1849 1743 2276 1834; x_wconf 74' lang='lat' dir='ltr'>pervioilem.</span> <span class='ocrx_word' id='word_1_154' title='bbox 2313 1748 2565 1812; x_wconf 86' lang='lat' dir='ltr'>Omnes</span> <span class='ocrx_word' id='word_1_155' title='bbox 2611 1744 2797 1811; x_wconf 91' lang='lat' dir='ltr'>enim</span> 
     </span>
     <span class='ocr_line' id='line_1_18' title="bbox 233 1795 2800 1921; baseline 0 -22"><span class='ocrx_word' id='word_1_156' title='bbox 233 1830 435 1917; x_wconf 89' lang='lat' dir='ltr'>quasi</span> <span class='ocrx_word' id='word_1_157' title='bbox 489 1831 792 1902; x_wconf 90' lang='lat' dir='ltr'>hominis</span> <span class='ocrx_word' id='word_1_158' title='bbox 843 1834 1062 1901; x_wconf 88' lang='lat' dir='ltr'>sancti</span> <span class='ocrx_word' id='word_1_159' title='bbox 1114 1834 1571 1902; x_wconf 87' lang='lat' dir='ltr'>necessariam</span> <span class='ocrx_word' id='word_1_160' title='bbox 1614 1833 1748 1901; x_wconf 91' lang='lat' dir='ltr'>sibi</span> <span class='ocrx_word' id='word_1_161' title='bbox 1781 1833 1932 1921; x_wconf 88' lang='lat' dir='ltr'>ejus</span> <span class='ocrx_word' id='word_1_162' title='bbox 1988 1795 2216 1901; x_wconf 61' lang='lat' dir='ltr'>adhuc</span> <span class='ocrx_word' id='word_1_163' title='bbox 2253 1832 2321 1900; x_wconf 87' lang='lat' dir='ltr'>in</span> <span class='ocrx_word' id='word_1_164' title='bbox 2360 1854 2564 1900; x_wconf 88' lang='lat' dir='ltr'>carne</span> <span class='ocrx_word' id='word_1_165' title='bbox 2599 1854 2800 1921; x_wconf 89' lang='lat' dir='ltr'>prae-</span> 
     </span>
     <span class='ocr_line' id='line_1_19' title="bbox 232 1919 2799 2010; baseline 0 -22"><span class='ocrx_word' id='word_1_166' title='bbox 232 1919 530 1988; x_wconf 88' lang='lat' dir='ltr'>sentiam</span> <span class='ocrx_word' id='word_1_167' title='bbox 579 1920 932 1989; x_wconf 87' lang='lat' dir='ltr'>rebantur.</span> <span class='ocrx_word' id='word_1_168' title='bbox 973 1922 1164 2003; x_wconf 85' lang='lat' dir='ltr'>Quod</span> <span class='ocrx_word' id='word_1_169' title='bbox 1216 1921 1381 1989; x_wconf 89' lang='lat' dir='ltr'>dum</span> <span class='ocrx_word' id='word_1_170' title='bbox 1434 1921 1571 2010; x_wconf 88' lang='lat' dir='ltr'>ipsi</span> <span class='ocrx_word' id='word_1_171' title='bbox 1621 1942 1824 1989; x_wconf 89' lang='lat' dir='ltr'>mane</span> <span class='ocrx_word' id='word_1_172' title='bbox 1871 1920 2155 2006; x_wconf 90' lang='lat' dir='ltr'>quidam</span> <span class='ocrx_word' id='word_1_173' title='bbox 2207 1920 2290 1987; x_wconf 91' lang='lat' dir='ltr'>de</span> <span class='ocrx_word' id='word_1_174' title='bbox 2340 1920 2480 1988; x_wconf 90' lang='lat' dir='ltr'>illis</span> <span class='ocrx_word' id='word_1_175' title='bbox 2529 1920 2799 1988; x_wconf 85' lang='lat' dir='ltr'>indica-</span> 
     </span>
     <span class='ocr_line' id='line_1_20' title="bbox 230 2007 2789 2099; baseline 0 -24"><span class='ocrx_word' id='word_1_176' title='bbox 230 2020 336 2075; x_wconf 88' lang='lat' dir='ltr'>ret</span> <span class='ocrx_word' id='word_1_177' title='bbox 372 2007 566 2095; x_wconf 89' lang='lat' dir='ltr'>(nam</span> <span class='ocrx_word' id='word_1_178' title='bbox 606 2029 685 2076; x_wconf 94' lang='lat' dir='ltr'>eo</span> <span class='ocrx_word' id='word_1_179' title='bbox 735 2010 964 2078; x_wconf 89' lang='lat' dir='ltr'>nescio</span> <span class='ocrx_word' id='word_1_180' title='bbox 1012 2010 1361 2091; x_wconf 83' lang='lat' dir='ltr'>fecerant),</span> <span class='ocrx_word' id='word_1_181' title='bbox 1407 2009 1834 2099; x_wconf 88' lang='lat' dir='ltr'>respondens</span> <span class='ocrx_word' id='word_1_182' title='bbox 1876 2008 2103 2076; x_wconf 87' lang='lat' dir='ltr'>statim</span> <span class='ocrx_word' id='word_1_183' title='bbox 2143 2030 2157 2075; x_wconf 75' lang='grc' dir='ltr'>ε</span> <span class='ocrx_word' id='word_1_184' title='bbox 2195 2014 2316 2076; x_wconf 86' lang='lat' dir='ltr'>«Et</span> <span class='ocrx_word' id='word_1_185' title='bbox 2355 2008 2522 2093; x_wconf 89' lang='lat' dir='ltr'>quid</span> <span class='ocrx_word' id='word_1_186' title='bbox 2565 2008 2789 2096; x_wconf 88' lang='lat' dir='ltr'>jaceo,</span> 
     </span>
     <span class='ocr_line' id='line_1_21' title="bbox 229 2095 2793 2183; baseline -0 -19"><span class='ocrx_word' id='word_1_187' title='bbox 229 2095 550 2181; x_wconf 64' lang='lat' dir='ltr'>inquit⁵h&gt;</span> <span class='ocrx_word' id='word_1_188' title='bbox 581 2101 807 2183; x_wconf 88' lang='lat' dir='ltr'>Neque</span> <span class='ocrx_word' id='word_1_189' title='bbox 835 2098 1020 2166; x_wconf 89' lang='lat' dir='ltr'>enim</span> <span class='ocrx_word' id='word_1_190' title='bbox 1053 2096 1517 2166; x_wconf 90' lang='lat' dir='ltr'>dubitandum</span> <span class='ocrx_word' id='word_1_191' title='bbox 1567 2108 1689 2176; x_wconf 91' lang='lat' dir='ltr'>est,</span> <span class='ocrx_word' id='word_1_192' title='bbox 1735 2096 1898 2182; x_wconf 89' lang='lat' dir='ltr'>quia</span> <span class='ocrx_word' id='word_1_193' title='bbox 1933 2109 2024 2164; x_wconf 89' lang='lat' dir='ltr'>tot</span> <span class='ocrx_word' id='word_1_194' title='bbox 2055 2095 2436 2181; x_wconf 89' lang='lat' dir='ltr'>taliumque</span> <span class='ocrx_word' id='word_1_195' title='bbox 2483 2095 2793 2164; x_wconf 88' lang='lat' dir='ltr'>virorum</span> 
     </span>
     <span class='ocr_line' id='line_1_22' title="bbox 233 2182 2791 2275; baseline 0.001 -25"><span class='ocrx_word' id='word_1_196' title='bbox 233 2204 476 2274; x_wconf 88' lang='lat' dir='ltr'>preces</span> <span class='ocrx_word' id='word_1_197' title='bbox 509 2188 684 2255; x_wconf 89' lang='lat' dir='ltr'>Deus</span> <span class='ocrx_word' id='word_1_198' title='bbox 734 2207 867 2254; x_wconf 93' lang='lat' dir='ltr'>non</span> <span class='ocrx_word' id='word_1_199' title='bbox 917 2185 1324 2275; x_wconf 84' lang='lat' dir='ltr'>despexerit.</span> <span class='ocrx_word' id='word_1_200' title='bbox 1383 2190 1541 2253; x_wconf 92' lang='lat' dir='ltr'>Date</span> <span class='ocrx_word' id='word_1_201' title='bbox 1590 2184 1920 2253; x_wconf 88' lang='lat' dir='ltr'>baculum</span> <span class='ocrx_word' id='word_1_202' title='bbox 1960 2194 2024 2252; x_wconf 92' lang='lat' dir='ltr'>et</span> <span class='ocrx_word' id='word_1_203' title='bbox 2070 2182 2352 2273; x_wconf 77' lang='lat' dir='ltr'>caligas.</span> <span class='ocrx_word' id='word_1_204' title='bbox 2412 2183 2791 2269; x_wconf 85' lang='lat' dir='ltr'>Statimque</span> 
     </span>
     <span class='ocr_line' id='line_1_23' title="bbox 232 2268 2803 2363; baseline -0.001 -22"><span class='ocrx_word' id='word_1_205' title='bbox 232 2293 580 2360; x_wconf 82' lang='lat' dir='ltr'>exurgens</span> <span class='ocrx_word' id='word_1_206' title='bbox 625 2273 848 2363; x_wconf 89' lang='lat' dir='ltr'>coepit</span> <span class='ocrx_word' id='word_1_207' title='bbox 906 2286 1163 2342; x_wconf 88' lang='lat' dir='ltr'>tentare</span> <span class='ocrx_word' id='word_1_208' title='bbox 1213 2268 1587 2350; x_wconf 81' lang='lat' dir='ltr'>incessum,</span> <span class='ocrx_word' id='word_1_209' title='bbox 1636 2271 1883 2340; x_wconf 87' lang='lat' dir='ltr'>baculo</span> <span class='ocrx_word' id='word_1_210' title='bbox 1932 2273 2278 2357; x_wconf 60' lang='lat' dir='ltr'>innitens:</span> <span class='ocrx_word' id='word_1_211' title='bbox 2333 2282 2398 2340; x_wconf 88' lang='lat' dir='ltr'>et</span> <span class='ocrx_word' id='word_1_212' title='bbox 2452 2283 2803 2340; x_wconf 88' lang='lat' dir='ltr'>crescente</span> 
     </span>
     <span class='ocr_line' id='line_1_24' title="bbox 234 2357 2801 2461; baseline -0.001 -33"><span class='ocrx_word' id='word_1_213' title='bbox 234 2381 363 2461; x_wconf 86' lang='lat' dir='ltr'>per</span> <span class='ocrx_word' id='word_1_214' title='bbox 411 2360 558 2428; x_wconf 89' lang='lat' dir='ltr'>dies</span> <span class='ocrx_word' id='word_1_215' title='bbox 590 2362 859 2443; x_wconf 86' lang='lat' dir='ltr'>virtute,</span> <span class='ocrx_word' id='word_1_216' title='bbox 916 2363 1277 2431; x_wconf 86' lang='lat' dir='ltr'>sanitatem</span> <span class='ocrx_word' id='word_1_217' title='bbox 1326 2360 1608 2447; x_wconf 89' lang='lat' dir='ltr'>quidem</span> <span class='ocrx_word' id='word_1_218' title='bbox 1657 2360 1946 2448; x_wconf 89' lang='lat' dir='ltr'>recepit:</span> <span class='ocrx_word' id='word_1_219' title='bbox 2002 2359 2116 2427; x_wconf 91' lang='lat' dir='ltr'>sed</span> <span class='ocrx_word' id='word_1_220' title='bbox 2177 2360 2341 2445; x_wconf 89' lang='lat' dir='ltr'>quia</span> <span class='ocrx_word' id='word_1_221' title='bbox 2381 2371 2612 2428; x_wconf 90' lang='lat' dir='ltr'>tumor</span> <span class='ocrx_word' id='word_1_222' title='bbox 2676 2357 2801 2444; x_wconf 91' lang='lat' dir='ltr'>qui</span> 
     </span>
     <span class='ocr_line' id='line_1_25' title="bbox 235 2447 2793 2550; baseline -0.001 -32"><span class='ocrx_word' id='word_1_223' title='bbox 235 2470 318 2524; x_wconf 76' lang='grc' dir='ltr'>ιιι,</span> <span class='ocrx_word' id='word_1_224' title='bbox 363 2447 618 2519; x_wconf 81' lang='lat' dir='ltr'>femore</span> <span class='ocrx_word' id='word_1_225' title='bbox 664 2451 1060 2550; x_wconf 87' lang='lat' dir='ltr'>apparebat,</span> <span class='ocrx_word' id='word_1_226' title='bbox 1101 2450 1432 2541; x_wconf 89' lang='lat' dir='ltr'>paulatim</span> <span class='ocrx_word' id='word_1_227' title='bbox 1469 2471 1510 2518; x_wconf 87' lang='lat' dir='ltr'>a</span> <span class='ocrx_word' id='word_1_228' title='bbox 1540 2448 1908 2540; x_wconf 83' lang='lat' dir='ltr'>superficie</span> <span class='ocrx_word' id='word_1_229' title='bbox 1941 2447 2421 2519; x_wconf 85' lang='lat' dir='ltr'>detumescens</span> <span class='ocrx_word' id='word_1_230' title='bbox 2457 2447 2793 2537; x_wconf 81' lang='lat' dir='ltr'>corporiS,</span> 
     </span>
     <span class='ocr_line' id='line_1_26' title="bbox 237 2535 2799 2630; baseline -0.002 -24"><span class='ocrx_word' id='word_1_231' title='bbox 237 2537 327 2606; x_wconf 88' lang='lat' dir='ltr'>ad</span> <span class='ocrx_word' id='word_1_232' title='bbox 363 2538 701 2605; x_wconf 86' lang='lat' dir='ltr'>viscerum</span> <span class='ocrx_word' id='word_1_233' title='bbox 756 2540 1079 2607; x_wconf 80' lang='lat' dir='ltr'>interiora</span> <span class='ocrx_word' id='word_1_234' title='bbox 1127 2538 1494 2630; x_wconf 88' lang='lat' dir='ltr'>prolapsus</span> <span class='ocrx_word' id='word_1_235' title='bbox 1527 2550 1653 2610; x_wconf 85' lang='lat' dir='ltr'>est.</span> <span class='ocrx_word' id='word_1_236' title='bbox 1701 2550 1834 2606; x_wconf 91' lang='lat' dir='ltr'>toto</span> <span class='ocrx_word' id='word_1_237' title='bbox 1866 2558 2039 2626; x_wconf 92' lang='lat' dir='ltr'>pene</span> <span class='ocrx_word' id='word_1_238' title='bbox 2072 2535 2247 2604; x_wconf 86' lang='lat' dir='ltr'>vitae</span> <span class='ocrx_word' id='word_1_239' title='bbox 2279 2557 2444 2604; x_wconf 91' lang='lat' dir='ltr'>suae</span> <span class='ocrx_word' id='word_1_240' title='bbox 2489 2548 2799 2624; x_wconf 90' lang='lat' dir='ltr'>tempore</span> 
     </span>
     <span class='ocr_line' id='line_1_27' title="bbox 238 2622 2796 2711; baseline -0.001 -17"><span class='ocrx_word' id='word_1_241' title='bbox 238 2625 757 2711; x_wconf 88' lang='lat' dir='ltr'>aliquantulum</span> <span class='ocrx_word' id='word_1_242' title='bbox 808 2628 1318 2698; x_wconf 86' lang='lat' dir='ltr'>interaneorum</span> <span class='ocrx_word' id='word_1_243' title='bbox 1373 2649 1508 2696; x_wconf 89' lang='lat' dir='ltr'>non</span> <span class='ocrx_word' id='word_1_244' title='bbox 1547 2626 1860 2694; x_wconf 88' lang='lat' dir='ltr'>cessabat</span> <span class='ocrx_word' id='word_1_245' title='bbox 1903 2625 2155 2695; x_wconf 89' lang='lat' dir='ltr'>sentire</span> <span class='ocrx_word' id='word_1_246' title='bbox 2205 2623 2546 2704; x_wconf 83' lang='lat' dir='ltr'>dolorem,</span> <span class='ocrx_word' id='word_1_247' title='bbox 2605 2622 2796 2691; x_wconf 89' lang='lat' dir='ltr'>vide—</span> 
     </span>
     <span class='ocr_line' id='line_1_28' title="bbox 239 2712 2798 2805; baseline -0.001 -23"><span class='ocrx_word' id='word_1_248' title='bbox 239 2714 400 2783; x_wconf 85' lang='lat' dir='ltr'>licet</span> <span class='ocrx_word' id='word_1_249' title='bbox 449 2726 522 2782; x_wconf 91' lang='lat' dir='ltr'>ut</span> <span class='ocrx_word' id='word_1_250' title='bbox 561 2715 757 2803; x_wconf 85' lang='lat' dir='ltr'>juxta</span> <span class='ocrx_word' id='word_1_251' title='bbox 790 2716 1211 2805; x_wconf 81' lang='lat' dir='ltr'>Apostolum,</span> <span class='ocrx_word' id='word_1_252' title='bbox 1279 2715 1497 2784; x_wconf 88' lang='lat' dir='ltr'>virtus</span> <span class='ocrx_word' id='word_1_253' title='bbox 1531 2715 1602 2781; x_wconf 92' lang='lat' dir='ltr'>in</span> <span class='ocrx_word' id='word_1_254' title='bbox 1642 2713 2040 2783; x_wconf 84' lang='lat' dir='ltr'>infirmitate</span> <span class='ocrx_word' id='word_1_255' title='bbox 2076 2712 2539 2802; x_wconf 84' lang='lat' dir='ltr'>perficeretur.</span> <span class='ocrx_word' id='word_1_256' title='bbox 2577 2715 2798 2793; x_wconf 90' lang='lat' dir='ltr'>Quem</span> 
     </span>
     <span class='ocr_line' id='line_1_29' title="bbox 239 2799 2797 2877; baseline -0.002 -6"><span class='ocrx_word' id='word_1_257' title='bbox 239 2823 400 2871; x_wconf 89' lang='lat' dir='ltr'>cum</span> <span class='ocrx_word' id='word_1_258' title='bbox 436 2801 743 2871; x_wconf 87' lang='lat' dir='ltr'>famulus</span> <span class='ocrx_word' id='word_1_259' title='bbox 791 2803 1062 2872; x_wconf 88' lang='lat' dir='ltr'>Domini</span> <span class='ocrx_word' id='word_1_260' title='bbox 1103 2803 1392 2872; x_wconf 86' lang='lat' dir='ltr'>Boisilus</span> <span class='ocrx_word' id='word_1_261' title='bbox 1425 2827 1465 2872; x_wconf 89' lang='lat' dir='ltr'>a</span> <span class='ocrx_word' id='word_1_262' title='bbox 1504 2802 1895 2871; x_wconf 85' lang='lat' dir='ltr'>valetudine</span> <span class='ocrx_word' id='word_1_263' title='bbox 1943 2812 2262 2872; x_wconf 90' lang='lat' dir='ltr'>sanatum</span> <span class='ocrx_word' id='word_1_264' title='bbox 2296 2812 2625 2877; x_wconf 89' lang='lat' dir='ltr'>cerneret,</span> <span class='ocrx_word' id='word_1_265' title='bbox 2665 2799 2797 2868; x_wconf 88' lang='lat' dir='ltr'>ait:</span> 
     </span>
     <span class='ocr_line' id='line_1_30' title="bbox 242 2886 2800 2978; baseline -0 -23"><span class='ocrx_word' id='word_1_266' title='bbox 242 2889 489 2958; x_wconf 81' lang='lat' dir='ltr'>«Vides</span> <span class='ocrx_word' id='word_1_267' title='bbox 536 2889 744 2958; x_wconf 90' lang='lat' dir='ltr'>frater</span> <span class='ocrx_word' id='word_1_268' title='bbox 788 2892 955 2978; x_wconf 89' lang='lat' dir='ltr'>quia</span> <span class='ocrx_word' id='word_1_269' title='bbox 1003 2892 1333 2961; x_wconf 91' lang='lat' dir='ltr'>liberatus</span> <span class='ocrx_word' id='word_1_270' title='bbox 1387 2913 1459 2959; x_wconf 93' lang='lat' dir='ltr'>es</span> <span class='ocrx_word' id='word_1_271' title='bbox 1492 2914 1533 2959; x_wconf 92' lang='lat' dir='ltr'>a</span> <span class='ocrx_word' id='word_1_272' title='bbox 1573 2890 1884 2959; x_wconf 86' lang='lat' dir='ltr'>molestia</span> <span class='ocrx_word' id='word_1_273' title='bbox 1923 2912 2062 2976; x_wconf 90' lang='lat' dir='ltr'>qua</span> <span class='ocrx_word' id='word_1_274' title='bbox 2095 2889 2478 2958; x_wconf 80' lang='lat' dir='ltr'>laborabas,</span> <span class='ocrx_word' id='word_1_275' title='bbox 2519 2891 2596 2955; x_wconf 91' lang='lat' dir='ltr'>Et</span> <span class='ocrx_word' id='word_1_276' title='bbox 2644 2886 2800 2954; x_wconf 89' lang='lat' dir='ltr'>dico</span> 
     </span>
     <span class='ocr_line' id='line_1_31' title="bbox 240 2975 2807 3070; baseline -0.001 -24"><span class='ocrx_word' id='word_1_277' title='bbox 240 2977 370 3047; x_wconf 91' lang='lat' dir='ltr'>tibi</span> <span class='ocrx_word' id='word_1_278' title='bbox 416 2976 598 3063; x_wconf 90' lang='lat' dir='ltr'>quod</span> <span class='ocrx_word' id='word_1_279' title='bbox 635 2980 717 3046; x_wconf 72' lang='lat' dir='ltr'>ea</span> <span class='ocrx_word' id='word_1_280' title='bbox 763 2981 946 3048; x_wconf 87' lang='lat' dir='ltr'>ultra</span> <span class='ocrx_word' id='word_1_281' title='bbox 983 2982 1130 3069; x_wconf 89' lang='lat' dir='ltr'>jam</span> <span class='ocrx_word' id='word_1_282' title='bbox 1184 2979 1578 3070; x_wconf 85' lang='lat' dir='ltr'>tangendus</span> <span class='ocrx_word' id='word_1_283' title='bbox 1628 3001 1764 3047; x_wconf 90' lang='lat' dir='ltr'>non</span> <span class='ocrx_word' id='word_1_284' title='bbox 1800 3001 1897 3058; x_wconf 89' lang='lat' dir='ltr'>es,</span> <span class='ocrx_word' id='word_1_285' title='bbox 1970 2999 2192 3063; x_wconf 90' lang='lat' dir='ltr'>neque</span> <span class='ocrx_word' id='word_1_286' title='bbox 2242 2977 2371 3045; x_wconf 81' lang='lat' dir='ltr'>hoe</span> <span class='ocrx_word' id='word_1_287' title='bbox 2421 2975 2807 3044; x_wconf 87' lang='lat' dir='ltr'>moriturus</span> 
     </span>
     <span class='ocr_line' id='line_1_32' title="bbox 239 3065 2806 3155; baseline -0.002 -20"><span class='ocrx_word' id='word_1_288' title='bbox 239 3067 314 3135; x_wconf 92' lang='lat' dir='ltr'>in</span> <span class='ocrx_word' id='word_1_289' title='bbox 353 3076 688 3155; x_wconf 90' lang='lat' dir='ltr'>tempore:</span> <span class='ocrx_word' id='word_1_290' title='bbox 742 3066 1090 3154; x_wconf 87' lang='lat' dir='ltr'>simulque</span> <span class='ocrx_word' id='word_1_291' title='bbox 1158 3088 1426 3146; x_wconf 88' lang='lat' dir='ltr'>mone0,</span> <span class='ocrx_word' id='word_1_292' title='bbox 1483 3078 1560 3135; x_wconf 91' lang='lat' dir='ltr'>ut</span> <span class='ocrx_word' id='word_1_293' title='bbox 1607 3068 1773 3153; x_wconf 88' lang='lat' dir='ltr'>quia</span> <span class='ocrx_word' id='word_1_294' title='bbox 1820 3087 1930 3135; x_wconf 89' lang='lat' dir='ltr'>me</span> <span class='ocrx_word' id='word_1_295' title='bbox 1980 3087 2164 3134; x_wconf 88' lang='lat' dir='ltr'>mors</span> <span class='ocrx_word' id='word_1_296' title='bbox 2211 3065 2438 3133; x_wconf 88' lang='lat' dir='ltr'>vicina</span> <span class='ocrx_word' id='word_1_297' title='bbox 2497 3076 2806 3153; x_wconf 88' lang='lat' dir='ltr'>praesto-</span> 
     </span>
     <span class='ocr_line' id='line_1_33' title="bbox 241 3150 2807 3242; baseline -0.001 -19"><span class='ocrx_word' id='word_1_298' title='bbox 241 3154 449 3235; x_wconf 91' lang='lat' dir='ltr'>latur,</span> <span class='ocrx_word' id='word_1_299' title='bbox 502 3153 764 3223; x_wconf 87' lang='lat' dir='ltr'>discere</span> <span class='ocrx_word' id='word_1_300' title='bbox 812 3179 852 3224; x_wconf 88' lang='lat' dir='ltr'>a</span> <span class='ocrx_word' id='word_1_301' title='bbox 884 3178 996 3224; x_wconf 88' lang='lat' dir='ltr'>me</span> <span class='ocrx_word' id='word_1_302' title='bbox 1042 3155 1332 3242; x_wconf 81' lang='lat' dir='ltr'>aliquid,</span> <span class='ocrx_word' id='word_1_303' title='bbox 1390 3155 1706 3242; x_wconf 89' lang='lat' dir='ltr'>quandiu</span> <span class='ocrx_word' id='word_1_304' title='bbox 1754 3155 1998 3223; x_wconf 86' lang='lat' dir='ltr'>docere</span> <span class='ocrx_word' id='word_1_305' title='bbox 2044 3151 2344 3233; x_wconf 88' lang='lat' dir='ltr'>valeam,</span> <span class='ocrx_word' id='word_1_306' title='bbox 2400 3173 2537 3219; x_wconf 91' lang='lat' dir='ltr'>non</span> <span class='ocrx_word' id='word_1_307' title='bbox 2603 3150 2807 3220; x_wconf 87' lang='lat' dir='ltr'>omit-</span> 
     </span>
     <span class='ocr_line' id='line_1_34' title="bbox 242 3239 2807 3333; baseline -0.002 -22"><span class='ocrx_word' id='word_1_308' title='bbox 242 3255 371 3313; x_wconf 88' lang='lat' dir='ltr'>tas.</span> <span class='ocrx_word' id='word_1_309' title='bbox 427 3247 568 3311; x_wconf 92' lang='lat' dir='ltr'>Non</span> <span class='ocrx_word' id='word_1_310' title='bbox 609 3243 796 3312; x_wconf 90' lang='lat' dir='ltr'>enim</span> <span class='ocrx_word' id='word_1_311' title='bbox 840 3243 997 3333; x_wconf 89' lang='lat' dir='ltr'>plus</span> <span class='ocrx_word' id='word_1_312' title='bbox 1043 3265 1253 3330; x_wconf 90' lang='lat' dir='ltr'>quam</span> <span class='ocrx_word' id='word_1_313' title='bbox 1305 3256 1567 3333; x_wconf 88' lang='lat' dir='ltr'>septem</span> <span class='ocrx_word' id='word_1_314' title='bbox 1616 3242 1764 3313; x_wconf 91' lang='lat' dir='ltr'>dies</span> <span class='ocrx_word' id='word_1_315' title='bbox 1795 3255 1980 3319; x_wconf 89' lang='lat' dir='ltr'>sunt,</span> <span class='ocrx_word' id='word_1_316' title='bbox 2018 3242 2276 3328; x_wconf 89' lang='lat' dir='ltr'>quibus</span> <span class='ocrx_word' id='word_1_317' title='bbox 2327 3240 2499 3309; x_wconf 89' lang='lat' dir='ltr'>mihi</span> <span class='ocrx_word' id='word_1_318' title='bbox 2541 3239 2628 3307; x_wconf 90' lang='lat' dir='ltr'>ad</span> <span class='ocrx_word' id='word_1_319' title='bbox 2680 3239 2807 3307; x_wconf 89' lang='lat' dir='ltr'>do-</span> 
     </span>
     <span class='ocr_line' id='line_1_35' title="bbox 243 3327 2813 3430; baseline -0.002 -30"><span class='ocrx_word' id='word_1_320' title='bbox 243 3329 544 3400; x_wconf 87' lang='lat' dir='ltr'>cendum</span> <span class='ocrx_word' id='word_1_321' title='bbox 595 3332 856 3400; x_wconf 86' lang='lat' dir='ltr'>sanitas</span> <span class='ocrx_word' id='word_1_322' title='bbox 922 3332 1230 3421; x_wconf 85' lang='lat' dir='ltr'>corporis</span> <span class='ocrx_word' id='word_1_323' title='bbox 1277 3343 1342 3400; x_wconf 91' lang='lat' dir='ltr'>et</span> <span class='ocrx_word' id='word_1_324' title='bbox 1402 3330 1682 3421; x_wconf 86' lang='lat' dir='ltr'>linguae</span> <span class='ocrx_word' id='word_1_325' title='bbox 1740 3340 2060 3430; x_wconf 83' lang='lat' dir='ltr'>suppetat</span> <span class='ocrx_word' id='word_1_326' title='bbox 2102 3330 2394 3397; x_wconf 85' lang='lat' dir='ltr'>virtus.»</span> <span class='ocrx_word' id='word_1_327' title='bbox 2424 3327 2813 3417; x_wconf 89' lang='lat' dir='ltr'>Respondit</span> 
     </span>
     <span class='ocr_line' id='line_1_36' title="bbox 245 3414 2806 3502; baseline -0.003 -13"><span class='ocrx_word' id='word_1_328' title='bbox 245 3419 680 3500; x_wconf 86' lang='lat' dir='ltr'>Cuthbertus,</span> <span class='ocrx_word' id='word_1_329' title='bbox 734 3419 910 3488; x_wconf 87' lang='lat' dir='ltr'>nihil</span> <span class='ocrx_word' id='word_1_330' title='bbox 945 3420 1293 3489; x_wconf 88' lang='lat' dir='ltr'>haesitans</span> <span class='ocrx_word' id='word_1_331' title='bbox 1341 3419 1425 3487; x_wconf 93' lang='lat' dir='ltr'>de</span> <span class='ocrx_word' id='word_1_332' title='bbox 1458 3420 1737 3488; x_wconf 80' lang='lat' dir='ltr'>veritate</span> <span class='ocrx_word' id='word_1_333' title='bbox 1784 3418 2128 3487; x_wconf 82' lang='lat' dir='ltr'>dictorum</span> <span class='ocrx_word' id='word_1_334' title='bbox 2173 3418 2389 3486; x_wconf 88' lang='lat' dir='ltr'>illius:</span> <span class='ocrx_word' id='word_1_335' title='bbox 2428 3421 2560 3484; x_wconf 86' lang='lat' dir='ltr'>«Et</span> <span class='ocrx_word' id='word_1_336' title='bbox 2605 3414 2806 3502; x_wconf 90' lang='lat' dir='ltr'>quid,</span> 
     </span>
     <span class='ocr_line' id='line_1_37' title="bbox 246 3505 2816 3597; baseline -0.002 -21"><span class='ocrx_word' id='word_1_337' title='bbox 246 3529 439 3597; x_wconf 86' lang='lat' dir='ltr'>rog0,</span> <span class='ocrx_word' id='word_1_338' title='bbox 484 3508 658 3575; x_wconf 86' lang='lat' dir='ltr'>mihi</span> <span class='ocrx_word' id='word_1_339' title='bbox 707 3509 1046 3597; x_wconf 88' lang='lat' dir='ltr'>optimum</span> <span class='ocrx_word' id='word_1_340' title='bbox 1097 3520 1197 3577; x_wconf 92' lang='lat' dir='ltr'>est</span> <span class='ocrx_word' id='word_1_341' title='bbox 1229 3507 1451 3597; x_wconf 82' lang='lat' dir='ltr'>legere</span> <span class='ocrx_word' id='word_1_342' title='bbox 1497 3507 1684 3594; x_wconf 93' lang='lat' dir='ltr'>quod</span> <span class='ocrx_word' id='word_1_343' title='bbox 1719 3520 1947 3576; x_wconf 86' lang='lat' dir='ltr'>tamen</span> <span class='ocrx_word' id='word_1_344' title='bbox 1998 3509 2142 3575; x_wconf 75' lang='lat' dir='ltr'>una</span> <span class='ocrx_word' id='word_1_345' title='bbox 2173 3505 2436 3573; x_wconf 90' lang='lat' dir='ltr'>valeam</span> <span class='ocrx_word' id='word_1_346' title='bbox 2488 3525 2816 3572; x_wconf 91' lang='lat' dir='ltr'>consum-</span> 
     </span>
     <span class='ocr_line' id='line_1_38' title="bbox 246 3591 2818 3685; baseline -0.003 -19"><span class='ocrx_word' id='word_1_347' title='bbox 246 3617 441 3666; x_wconf 88' lang='lat' dir='ltr'>mare</span> <span class='ocrx_word' id='word_1_348' title='bbox 518 3595 988 3685; x_wconf 67' lang='lat' dir='ltr'>septimanai’»</span> <span class='ocrx_word' id='word_1_349' title='bbox 1011 3601 1087 3665; x_wconf 87' lang='lat' dir='ltr'>At</span> <span class='ocrx_word' id='word_1_350' title='bbox 1149 3595 1307 3664; x_wconf 87' lang='lat' dir='ltr'>ille:</span> <span class='ocrx_word' id='word_1_351' title='bbox 1342 3596 1765 3674; x_wconf 83' lang='lat' dir='ltr'>«Joannem‚</span> <span class='ocrx_word' id='word_1_352' title='bbox 1821 3594 2070 3681; x_wconf 89' lang='lat' dir='ltr'>inquit,</span> <span class='ocrx_word' id='word_1_353' title='bbox 2124 3591 2645 3682; x_wconf 83' lang='lat' dir='ltr'>evangelistam.</span> <span class='ocrx_word' id='word_1_354' title='bbox 2701 3595 2818 3659; x_wconf 89' lang='lat' dir='ltr'>Est</span> 
     </span>
     <span class='ocr_line' id='line_1_39' title="bbox 246 3678 2818 3770; baseline -0.003 -15"><span class='ocrx_word' id='word_1_355' title='bbox 246 3696 478 3755; x_wconf 87' lang='lat' dir='ltr'>autem</span> <span class='ocrx_word' id='word_1_356' title='bbox 533 3684 705 3752; x_wconf 86' lang='lat' dir='ltr'>mihi</span> <span class='ocrx_word' id='word_1_357' title='bbox 752 3685 1015 3765; x_wconf 87' lang='lat' dir='ltr'>codex,</span> <span class='ocrx_word' id='word_1_358' title='bbox 1084 3682 1347 3753; x_wconf 86' lang='lat' dir='ltr'>habens</span> <span class='ocrx_word' id='word_1_359' title='bbox 1396 3683 1886 3770; x_wconf 87' lang='lat' dir='ltr'>quaterniones</span> <span class='ocrx_word' id='word_1_360' title='bbox 1961 3694 2224 3770; x_wconf 88' lang='lat' dir='ltr'>septem</span> <span class='ocrx_word' id='word_1_361' title='bbox 2274 3702 2450 3767; x_wconf 92' lang='lat' dir='ltr'>quos</span> <span class='ocrx_word' id='word_1_362' title='bbox 2518 3678 2818 3768; x_wconf 87' lang='lat' dir='ltr'>singulis</span> 
     </span>
     <span class='ocr_line' id='line_1_40' title="bbox 250 3768 2819 3862; baseline -0.003 -20"><span class='ocrx_word' id='word_1_363' title='bbox 250 3772 500 3842; x_wconf 89' lang='lat' dir='ltr'>diebus</span> <span class='ocrx_word' id='word_1_364' title='bbox 539 3772 851 3862; x_wconf 85' lang='lat' dir='ltr'>singulos</span> <span class='ocrx_word' id='word_1_365' title='bbox 899 3793 1297 3862; x_wconf 78' lang='lat' dir='ltr'>possumuS,</span> <span class='ocrx_word' id='word_1_366' title='bbox 1356 3772 1643 3840; x_wconf 90' lang='lat' dir='ltr'>Domino</span> <span class='ocrx_word' id='word_1_367' title='bbox 1692 3771 2085 3861; x_wconf 86' lang='lat' dir='ltr'>adjuvante,</span> <span class='ocrx_word' id='word_1_368' title='bbox 2142 3768 2432 3860; x_wconf 86' lang='lat' dir='ltr'>legendo</span> <span class='ocrx_word' id='word_1_369' title='bbox 2479 3779 2545 3836; x_wconf 94' lang='lat' dir='ltr'>et</span> <span class='ocrx_word' id='word_1_370' title='bbox 2591 3787 2819 3854; x_wconf 89' lang='lat' dir='ltr'>quau-</span> 
     </span>
     <span class='ocr_line' id='line_1_41' title="bbox 249 3859 2822 3949; baseline -0.002 -20"><span class='ocrx_word' id='word_1_371' title='bbox 249 3873 400 3930; x_wconf 89' lang='lat' dir='ltr'>tum</span> <span class='ocrx_word' id='word_1_372' title='bbox 448 3880 626 3949; x_wconf 88' lang='lat' dir='ltr'>opus</span> <span class='ocrx_word' id='word_1_373' title='bbox 672 3873 810 3942; x_wconf 89' lang='lat' dir='ltr'>est,</span> <span class='ocrx_word' id='word_1_374' title='bbox 877 3861 1056 3929; x_wconf 89' lang='lat' dir='ltr'>inter</span> <span class='ocrx_word' id='word_1_375' title='bbox 1104 3882 1229 3928; x_wconf 90' lang='lat' dir='ltr'>nos</span> <span class='ocrx_word' id='word_1_376' title='bbox 1288 3859 1717 3929; x_wconf 76' lang='lat' dir='ltr'>conferendo*</span> <span class='ocrx_word' id='word_1_377' title='bbox 1737 3879 2211 3949; x_wconf 89' lang='lat' dir='ltr'>percurrere.»</span> <span class='ocrx_word' id='word_1_378' title='bbox 2245 3862 2667 3941; x_wconf 87' lang='lat' dir='ltr'>Factumque</span> <span class='ocrx_word' id='word_1_379' title='bbox 2716 3877 2822 3924; x_wconf 84' lang='lat' dir='ltr'>es-</span> 
     </span>
     <span class='ocr_line' id='line_1_42' title="bbox 246 3942 2824 4033; baseline -0.002 -16"><span class='ocrx_word' id='word_1_380' title='bbox 246 3960 328 4017; x_wconf 87' lang='lat' dir='ltr'>ut</span> <span class='ocrx_word' id='word_1_381' title='bbox 365 3948 650 4017; x_wconf 87' lang='lat' dir='ltr'>dixerat.</span> <span class='ocrx_word' id='word_1_382' title='bbox 714 3953 932 4030; x_wconf 87' lang='lat' dir='ltr'>Quam</span> <span class='ocrx_word' id='word_1_383' title='bbox 997 3948 1149 4016; x_wconf 88' lang='lat' dir='ltr'>ideo</span> <span class='ocrx_word' id='word_1_384' title='bbox 1199 3947 1563 4016; x_wconf 89' lang='lat' dir='ltr'>lectionem</span> <span class='ocrx_word' id='word_1_385' title='bbox 1614 3960 1753 4017; x_wconf 87' lang='lat' dir='ltr'>tam</span> <span class='ocrx_word' id='word_1_386' title='bbox 1822 3945 2159 4015; x_wconf 89' lang='lat' dir='ltr'>citissime</span> <span class='ocrx_word' id='word_1_387' title='bbox 2232 3942 2583 4033; x_wconf 83' lang='lat' dir='ltr'>complere</span> <span class='ocrx_word' id='word_1_388' title='bbox 2642 3943 2824 4011; x_wconf 88' lang='lat' dir='ltr'>vole-</span> 
     </span>
     <span class='ocr_line' id='line_1_43' title="bbox 246 4032 2824 4126; baseline -0.002 -20"><span class='ocrx_word' id='word_1_389' title='bbox 246 4037 442 4116; x_wconf 86' lang='lat' dir='ltr'>bant,</span> <span class='ocrx_word' id='word_1_390' title='bbox 496 4037 661 4123; x_wconf 89' lang='lat' dir='ltr'>quia</span> <span class='ocrx_word' id='word_1_391' title='bbox 710 4037 930 4106; x_wconf 90' lang='lat' dir='ltr'>solam</span> <span class='ocrx_word' id='word_1_392' title='bbox 960 4036 1033 4103; x_wconf 90' lang='lat' dir='ltr'>in</span> <span class='ocrx_word' id='word_1_393' title='bbox 1083 4058 1164 4104; x_wconf 91' lang='lat' dir='ltr'>ea</span> <span class='ocrx_word' id='word_1_394' title='bbox 1210 4035 1373 4103; x_wconf 85' lang='lat' dir='ltr'>fidei</span> <span class='ocrx_word' id='word_1_395' title='bbox 1418 4057 1597 4121; x_wconf 89' lang='lat' dir='ltr'>quae</span> <span class='ocrx_word' id='word_1_396' title='bbox 1647 4057 1769 4126; x_wconf 91' lang='lat' dir='ltr'>per</span> <span class='ocrx_word' id='word_1_397' title='bbox 1803 4034 2241 4103; x_wconf 89' lang='lat' dir='ltr'>dilectionem</span> <span class='ocrx_word' id='word_1_398' title='bbox 2275 4043 2624 4122; x_wconf 84' lang='lat' dir='ltr'>operatur,</span> <span class='ocrx_word' id='word_1_399' title='bbox 2658 4032 2824 4102; x_wconf 88' lang='lat' dir='ltr'>simt</span> 
     </span>
     <span class='ocr_line' id='line_1_44' title="bbox 249 4121 2820 4215; baseline -0.001 -22"><span class='ocrx_word' id='word_1_400' title='bbox 249 4124 630 4215; x_wconf 88' lang='lat' dir='ltr'>plicitatem</span> <span class='ocrx_word' id='word_1_401' title='bbox 681 4146 817 4193; x_wconf 93' lang='lat' dir='ltr'>non</span> <span class='ocrx_word' id='word_1_402' title='bbox 888 4136 1115 4192; x_wconf 88' lang='lat' dir='ltr'>autem</span> <span class='ocrx_word' id='word_1_403' title='bbox 1179 4123 1666 4210; x_wconf 88' lang='lat' dir='ltr'>quaestionum</span> <span class='ocrx_word' id='word_1_404' title='bbox 1730 4121 2099 4215; x_wconf 88' lang='lat' dir='ltr'>profunda,</span> <span class='ocrx_word' id='word_1_405' title='bbox 2154 4121 2562 4191; x_wconf 89' lang='lat' dir='ltr'>tractabant.</span> <span class='ocrx_word' id='word_1_406' title='bbox 2620 4125 2820 4190; x_wconf 84' lang='lat' dir='ltr'>Com-</span> 
     </span>
     <span class='ocr_line' id='line_1_45' title="bbox 251 4209 2817 4303; baseline -0.002 -21"><span class='ocrx_word' id='word_1_407' title='bbox 251 4215 438 4303; x_wconf 87' lang='lat' dir='ltr'>pleta</span> <span class='ocrx_word' id='word_1_408' title='bbox 497 4234 660 4302; x_wconf 85' lang='lat' dir='ltr'>ergo</span> <span class='ocrx_word' id='word_1_409' title='bbox 698 4223 852 4303; x_wconf 89' lang='lat' dir='ltr'>post</span> <span class='ocrx_word' id='word_1_410' title='bbox 898 4211 1046 4282; x_wconf 90' lang='lat' dir='ltr'>dies</span> <span class='ocrx_word' id='word_1_411' title='bbox 1095 4224 1354 4301; x_wconf 88' lang='lat' dir='ltr'>septem</span> <span class='ocrx_word' id='word_1_412' title='bbox 1396 4210 1711 4291; x_wconf 90' lang='lat' dir='ltr'>lectione,</span> <span class='ocrx_word' id='word_1_413' title='bbox 1766 4224 2144 4281; x_wconf 87' lang='lat' dir='ltr'>memorato</span> <span class='ocrx_word' id='word_1_414' title='bbox 2207 4209 2451 4279; x_wconf 89' lang='lat' dir='ltr'>morbo</span> <span class='ocrx_word' id='word_1_415' title='bbox 2500 4219 2817 4297; x_wconf 87' lang='lat' dir='ltr'>arreptus</span> 
     </span>
     <span class='ocr_line' id='line_1_46' title="bbox 251 4299 2817 4390; baseline -0.001 -22"><span class='ocrx_word' id='word_1_416' title='bbox 251 4301 360 4369; x_wconf 83' lang='lat' dir='ltr'>vir</span> <span class='ocrx_word' id='word_1_417' title='bbox 392 4301 665 4370; x_wconf 89' lang='lat' dir='ltr'>Domini</span> <span class='ocrx_word' id='word_1_418' title='bbox 714 4300 1034 4383; x_wconf 80' lang='lat' dir='ltr'>BoisiluS,</span> <span class='ocrx_word' id='word_1_419' title='bbox 1088 4300 1272 4368; x_wconf 90' lang='lat' dir='ltr'>diem</span> <span class='ocrx_word' id='word_1_420' title='bbox 1336 4299 1646 4390; x_wconf 86' lang='lat' dir='ltr'>pervenit</span> <span class='ocrx_word' id='word_1_421' title='bbox 1703 4300 1788 4369; x_wconf 90' lang='lat' dir='ltr'>ad</span> <span class='ocrx_word' id='word_1_422' title='bbox 1850 4300 2223 4369; x_wconf 86' lang='lat' dir='ltr'>ultimum:</span> <span class='ocrx_word' id='word_1_423' title='bbox 2277 4312 2342 4368; x_wconf 89' lang='lat' dir='ltr'>et</span> <span class='ocrx_word' id='word_1_424' title='bbox 2390 4299 2520 4367; x_wconf 92' lang='lat' dir='ltr'>hoc</span> <span class='ocrx_word' id='word_1_425' title='bbox 2562 4317 2817 4386; x_wconf 83' lang='lat' dir='ltr'>magna</span> 
     </span>
     <span class='ocr_line' id='line_1_47' title="bbox 228 4384 2810 4480; baseline -0.002 -22"><span class='ocrx_word' id='word_1_426' title='bbox 228 4410 413 4459; x_wconf 56' lang='lat' dir='ltr'>ecum</span> <span class='ocrx_word' id='word_1_427' title='bbox 449 4389 863 4459; x_wconf 87' lang='lat' dir='ltr'>exultatione</span> <span class='ocrx_word' id='word_1_428' title='bbox 897 4401 1320 4465; x_wconf 86' lang='lat' dir='ltr'>transcenso,</span> <span class='ocrx_word' id='word_1_429' title='bbox 1363 4390 1446 4458; x_wconf 90' lang='lat' dir='ltr'>ad</span> <span class='ocrx_word' id='word_1_430' title='bbox 1491 4387 1830 4480; x_wconf 85' lang='lat' dir='ltr'>gaudium</span> <span class='ocrx_word' id='word_1_431' title='bbox 1883 4402 2249 4480; x_wconf 85' lang='lat' dir='ltr'>perpetuae</span> <span class='ocrx_word' id='word_1_432' title='bbox 2285 4387 2460 4456; x_wconf 90' lang='lat' dir='ltr'>lucis</span> <span class='ocrx_word' id='word_1_433' title='bbox 2487 4384 2810 4464; x_wconf 82' lang='lat' dir='ltr'>&#39;intravit;</span> 
     </span>
    </p>
   </div>
   <div class='ocr_carea' id='block_1_3' title="bbox 416 4500 2657 4568">
    <p class='ocr_par' dir='ltr' id='par_1_4' title="bbox 416 4500 2657 4568">
     <span class='ocr_line' id='line_1_48' title="bbox 416 4500 2657 4568; baseline -0.002 -4"><span class='ocrx_word' id='word_1_434' title='bbox 416 4509 659 4566; x_wconf 75' lang='lat' dir='ltr'>surius</span> <span class='ocrx_word' id='word_1_435' title='bbox 675 4537 701 4551; x_wconf 95' lang='lat'>-</span> <span class='ocrx_word' id='word_1_436' title='bbox 730 4506 891 4567; x_wconf 72' lang='lat' dir='ltr'>Vitae</span> <span class='ocrx_word' id='word_1_437' title='bbox 916 4509 1025 4568; x_wconf 75' lang='lat' dir='ltr'>SS.</span> <span class='ocrx_word' id='word_1_438' title='bbox 1049 4537 1074 4552; x_wconf 93' lang='lat'>-</span> <span class='ocrx_word' id='word_1_439' title='bbox 1095 4507 1221 4566; x_wconf 89' lang='lat' dir='ltr'>Vol.</span> <span class='ocrx_word' id='word_1_440' title='bbox 1265 4506 1369 4564; x_wconf 91' lang='lat'>111.</span> <span class='ocrx_word' id='word_1_441' title='bbox 2579 4500 2657 4559; x_wconf 79' lang='lat'>25</span> 
     </span>
    </p>
   </div>
  </div>
 </body>
</html>
