3327 4999
674 328 760 391 42
1511 342 1591 389 m:
1640 344 1696 390 s.
1751 342 1986 392 comm
2032 342 2204 390 vine.
2806 325 3051 391 MART.
3106 324 3144 389 6

585 449 974 507 assensum,
1029 427 1320 496 Domino
1360 437 1593 497 autem
1623 448 1826 496 suam
1858 427 1921 497 ei
1954 425 2372 496 voluntatem
2410 427 2748 498 indicanti
2779 428 3146 517 objiciebat

585 537 785 585 suam
836 515 1204 585 ruditatem
1236 527 1302 585 et
1348 515 1835 605 ignorantiam,
1877 526 2023 585 tum
2054 515 2240 602 quod
2291 516 2582 587 vovisset
2621 539 2695 586 se
2743 539 2878 586 non
2930 516 3146 585 exitu-

584 626 736 673 ram
766 603 852 673 de
898 603 1274 673 inclusorio
1324 625 1474 683 suo,
1529 615 1676 673 tum
1708 603 1913 672 etiam
1963 603 2147 690 quod
2200 617 2546 674 vereretur
2574 604 2935 674 daemonis
2982 604 3146 674 illu-

586 693 855 762 sionem
914 690 1257 782 e-jusmodi
1320 690 1705 761 visionibus
1763 714 1912 763 sese
1977 691 2384 762 admiscere.
2453 698 2763 781 Cumque
2822 694 3149 794 perplexa

585 780 757 850 foret
805 780 932 850 hac
981 779 1048 848 in
1103 791 1317 869 parte,
1354 780 1593 849 statuit
1638 779 1724 849 ad
1776 801 2013 870 preces
2061 801 2134 849 se
2181 781 2492 851 conferre
2538 793 2605 851 et
2643 782 2940 851 consilia
2988 803 3146 851 san-

586 881 854 938 ctorum
905 868 1296 949 hominum,
1334 890 1508 956 quos
1550 881 1827 938 noverat
1864 879 1929 937 et
1961 868 2138 938 vitae
2188 869 2648 940 sanctimonia
2678 881 2744 939 et
2774 869 2993 939 multa
3022 870 3143 938 do·

587 959 811 1028 ctrina
860 956 1218 1047 pollentes.
1281 957 1476 1039 Quod
1541 978 1703 1025 cum
1770 956 2061 1038 fecisset,
2136 956 2185 1025 ii
2231 979 2473 1028 omnes
2532 980 2675 1028 uno
2731 958 3148 1028 orexhortati

587 1057 751 1116 sunt
797 1067 973 1125 eam,
1012 1056 1089 1114 ut
1137 1044 1476 1135 intrepide
1523 1045 1962 1115 consentiret.
2022 1050 2101 1114 Ut
2146 1058 2377 1115 autem
2427 1047 2676 1117 certior
2703 1058 2883 1116 esset
2929 1052 3146 1118 Deum

587 1156 873 1226 prorsus
924 1133 1093 1202 velle
1142 1134 1294 1224 ipsa
1341 1145 1670 1221 tanquam
1706 1133 2167 1203 instrumento
2214 1134 2284 1203 in
2329 1135 2457 1204 hac
2507 1133 2995 1205 reformatione
3028 1139 3148 1205 Or-

585 1222 774 1293 dinis
820 1233 885 1291 et
916 1232 1348 1311 peccatorum
1401 1222 1848 1292 conversione
1899 1222 2025 1302 uti,
2065 1222 2373 1312 primum
2422 1223 2616 1292 omni
2666 1222 2997 1309 loquendi
3048 1223 3147 1293 fa-

586 1311 839 1381 cultate
888 1310 1117 1380 triduo
1165 1311 1431 1400 privata
1477 1323 1600 1390 est,
1649 1321 1716 1379 et
1762 1332 2009 1380 rursus
2057 1310 2286 1380 triduo
2334 1311 2698 1381 oculorum
2734 1311 3007 1381 lumine
3039 1334 3149 1379 or-

587 1400 769 1480 bata,
823 1399 1041 1469 donec
1090 1398 1362 1467 divinae
1399 1399 1815 1468 consentiret
1847 1398 2205 1468 voluntati.
2246 1400 2439 1481 Quod
2479 1400 2603 1469 ubi
2644 1398 2822 1480 fecit,
2855 1412 2922 1470 et
2951 1399 3147 1487 loqui

586 1502 652 1557 et
698 1488 927 1559 videre
976 1487 1214 1577 potuit.
1248 1487 1479 1578 Coepit
1527 1486 1739 1577 igitur
1788 1487 2027 1567 vereri,
2055 1509 2140 1555 ne
2193 1492 2406 1556 Deum
2454 1488 2849 1569 offenderet,
2901 1488 2960 1557 si
3001 1512 3151 1580 per-

585 1588 774 1667 geret
818 1597 969 1647 esse
1015 1574 1322 1644 difficilis
1369 1575 1457 1644 ad
1505 1596 1950 1647 consensum.
2006 1576 2469 1657 Quamobrem
2520 1589 2728 1645 totam
2781 1599 2855 1647 se
2895 1576 2968 1645 in
3006 1577 3150 1647 suis

588 1665 911 1755 precibus
944 1664 1217 1732 divinae
1266 1663 1579 1754 permisit
1630 1663 1992 1744 voluntati,
2054 1674 2353 1734 attamen
2391 1663 2461 1733 id
2493 1687 2724 1745 oranS,
2764 1687 2851 1734 ne
2883 1665 3153 1756 primae

587 1767 815 1844 partes
864 1753 998 1843 ipsi
1045 1752 1606 1821 attribuerentur.
1661 1752 1877 1821 Simul
1930 1764 2158 1820 autem
2209 1765 2415 1839 atque
2462 1754 2780 1833 assensit,
2855 1754 3151 1823 coelitus

586 1842 649 1910 ei
697 1840 932 1912 infusa
975 1854 1077 1911 est
1129 1840 1423 1931 perfecta
1469 1840 1770 1930 cognitio
1803 1862 2043 1909 eorum
2078 1840 2393 1911 omnium
2434 1863 2612 1929 quae
2661 1842 2764 1911 illi
2814 1841 3153 1911 reforma-

589 1930 756 1999 tioni
794 1941 1025 1999 essent
1069 1928 1459 2000 necessaria
1504 1950 1682 2015 quae
1731 1929 1849 1998 illa
1884 1928 2177 1998 breviter
2213 1929 2281 1998 in
2322 1930 2638 1999 chartula
2686 1930 2996 2018 quadam
3031 1953 3150 2000 an—

588 2018 865 2091 notavit.
919 2017 1396 2107 Adjunxerunt
1441 2031 1672 2086 autem
1709 2040 1780 2087 se
1812 2017 1915 2086 illi
1964 2016 2174 2108 paulo
2225 2029 2376 2108 post
2425 2040 2560 2087 non
2615 2019 2815 2109 pauci
2877 2019 3151 2089 strenui

587 2106 958 2197 adjutores,
1000 2107 1070 2174 in
1130 2105 1388 2193 quibus
1435 2105 1566 2175 suit
1618 2106 1826 2175 etiam
1877 2105 1961 2184 is,
2017 2127 2224 2193 quem
2275 2128 2488 2197 supra
2535 2107 2862 2187 diximuS,
2904 2108 3151 2177 Henri·

586 2217 713 2264 cus
774 2194 859 2263 de
908 2194 1165 2276 Balma,
1228 2193 1654 2285 professione
1702 2193 2204 2265 Franciscanus
2249 2195 2370 2281 qui
2419 2196 2572 2283 ejus
2620 2194 2748 2266 fuit
2795 2195 3150 2268 confessa-

586 2282 758 2364 riuS,
816 2283 921 2352 vir
967 2305 1259 2374 magnae
1356 2282 1770 2362 effectionis,
1835 2304 1877 2350 a
1925 2282 2176 2352 teneris
2224 2283 2429 2353 annis
2485 2284 2736 2353 timens
2784 2297 2849 2353 et
2896 2306 3150 2354 amans

586 2374 845 2451 Deum,
916 2372 1112 2441 rudis
1176 2369 1296 2458 qui
1354 2394 1460 2440 em
1507 2381 1572 2439 et
1637 2370 2002 2461 imperitus
2050 2393 2280 2440 rerum
2331 2372 2843 2462 temporalium,
2901 2372 3028 2442 sed
3077 2375 3150 2442 in

586 2459 840 2531 divinis
885 2473 950 2530 et
997 2459 1430 2552 spiritalibus
1478 2458 1652 2528 bene
1688 2470 2016 2540 versatus,
2069 2481 2234 2550 erga
2285 2473 2672 2551 peccatores
2698 2462 3060 2532 humanus
3089 2473 3152 2533 et

586 2550 1003 2650 misericors,
1058 2553 1271 2640 Saepe
1319 2546 1409 2648 de
1451 2547 1571 2647 illo
1620 2548 1852 2647 testari
1882 2548 2143 2618 solebat
2167 2548 2424 2650 Coleta,
2447 2571 2829 2638 numquam
2861 2548 2950 2619 ad
2979 2572 3148 2621 eum

583 2660 956 2710 accessisse
1002 2650 1450 2724 quantumvis
1484 2657 1781 2726 impium
1833 2648 2260 2726 peccatorem
2306 2660 2429 2724 qui
2479 2660 2617 2707 non
2665 2651 2844 2708 esset
2891 2661 3148 2709 conso-

587 2728 837 2796 latione
885 2728 1194 2796 ass'ectuS.
1234 2731 1451 2807 Quam
1505 2723 1759 2793 multos
1806 2737 2036 2794 autem
2084 2725 2450 2813 utriusque
2498 2748 2703 2796 sexus
2755 2740 3152 2817 peccatores

585 2815 701 2884 ille
734 2815 820 2883 ad
872 2817 1083 2883 Deum
1119 2826 1185 2883 et
1217 2812 1635 2882 monasticae
1685 2812 2039 2903 religionis
2071 2812 2567 2904 professionem
2595 2814 2987 2896 adduxerit,
3022 2816 3152 2887 soli

587 2907 720 2972 Deo
771 2914 1010 2971 notum
1061 2913 1413 2992 putamus.
1467 2904 1555 2972 Os
1602 2900 1792 2972 illius
1843 2923 2017 2991 pene
2046 2924 2319 2992 semper
2348 2903 2605 2972 divinis
2652 2903 3155 2976 affluebatser·

586 2990 935 3060 monibus,
1003 2990 1385 3060 Permultos
1440 3011 1704 3079 aegros,
1769 2990 1978 3061 variis
2027 2991 2304 3059 affectos
2353 2991 2636 3073 morbiS‚
2710 2993 2856 3061 solo
2904 2993 3144 3062 crucis

587 3078 785 3169 signo
834 3078 1120 3147 curavit.
1160 3084 1236 3147 Et
1281 3088 1359 3147 ut
1409 3079 1647 3168 paucis
1697 3078 1918 3147 multa
1963 3077 2403 3169 complectar,
2456 3079 2594 3149 vita
2642 3079 2797 3168 ejus
2827 3081 3152 3152 coelestis

585 3167 841 3258 potiuS,
892 3189 1104 3253 quam
1146 3179 1413 3236 terrena
1458 3167 1844 3248 videbatur,
1885 3166 1978 3236 ita
2024 3178 2102 3235 ut
2133 3178 2360 3257 posset
2404 3167 2635 3237 dicere
2683 3181 2751 3238 et
2796 3169 2948 3260 ipse
2977 3191 3148 3242 cum

585 3256 901 3346 Apostolo
929 3276 943 3321 :
995 3260 1234 3324 Nostra
1267 3257 1677 3325 conversatio
1709 3258 1777 3323 ίη
1811 3256 2011 3324 coelis
2042 3266 2140 3324 est
2173 3256 2468 3347 (Philip.
2503 3255 2632 3346 111).
2749 3307 2756 3316 .

674 3347 711 3432 ξ
780 3350 923 3415 ¹2.
978 3347 1146 3413 Cum
1184 3343 1308 3412 hoc
1357 3354 1587 3413 autem
1620 3344 1998 3412 venerabili
2038 3343 2181 3412 viro
2228 3343 2527 3414 decrevit
2576 3344 2802 3415 Coleta
2829 3345 3150 3416 conferre

584 3454 657 3501 se
705 3432 791 3501 ad
842 3431 1283 3501 Benedictum
1329 3431 1436 3588 (cp
1480 3433 1602 3519 qui
1634 3445 1781 3501 tum
1817 3432 1883 3500 in
1938 3431 2177 3503 Galliis
2214 3453 2334 3521 pro
2383 3455 2659 3503 summo
2711 3434 3148 3505 Pontificese

630 3521 883 3590 erebat.
935 3525 1014 3589 Ut
1061 3542 1216 3589 vero
1265 3519 1334 3588 id
1408 3532 1573 3589 ieret
1620 3519 2030 3610 expeditius,
2082 3520 2425 3607 quaedam
2474 3521 2770 3592 illustris
2821 3534 3146 3592 matrona

633 3609 916 3679 ivinitus
971 3621 1280 3699 permota
1332 3609 1516 3677 venit
1563 3607 1646 3677 ad
1701 3609 2022 3690 Coletam,
2090 3609 2410 3699 Corbejae
2457 3610 2528 3679 in
2579 3632 2707 3680 suo
2755 3610 3147 3680 inclusorio

580 3698 982 3790 degentem:
1033 3698 1323 3786 ejusque
1368 3697 1808 3767 sermonibus
1868 3697 2037 3766 adeo
2085 3696 2370 3767 incensa
2417 3710 2483 3767 et
2529 3698 2833 3767 animata
2882 3709 3012 3780 est,
3067 3709 3150 3770 ut

633 3786 1168 3877 romptissimam
1220 3787 1492 3855 offerret
1521 3807 1799 3886 operam
1854 3806 2056 3855 suam
2103 3785 2188 3854 ad
2239 3786 2676 3876 impetranda
2704 3808 2784 3857 ea
2812 3808 2996 3874 quae
3028 3791 3154 3857 Co—

607 3887 712 3946 eta
809 3875 1054 3945 etebat.
1126 3879 1363 3961 Itaque
1412 3875 1597 3944 brevi
1647 3873 1714 3942 id
1767 3873 2010 3953 effecit,
2070 3885 2149 3943 ut
2196 3872 2432 3944 liceret
2492 3874 2557 3944 ei
2610 3896 2691 3944 ex
2757 3873 3176 3946 inclusorio

579 3985 739 4055 egre
793 3964 837 4042 i,
895 3963 1077 4050 quod
1129 3975 1269 4032 tam
1322 3962 1558 4032 multis
1610 3961 1835 4033 modis
1881 3962 2202 4035 diabolus
2248 3973 2538 4033 conatus
2584 3975 2732 4032 erat
2770 3963 3145 4054 impedire.

582 4052 837 4122 Deinde
876 4051 1125 4122 obtulit
1171 4071 1244 4120 se
1291 4050 1377 4120 ad
1409 4050 1891 4121 deducendam
1931 4072 2084 4120 eam
2111 4050 2197 4120 ad
2229 4051 2678 4121 Benedictum
2711 4051 3149 4134 Pontificem,

582 4155 787 4229 atque
836 4140 999 4210 inde
1056 4138 1549 4210 reducendam.
1614 4144 1836 4221 Quam
1897 4138 2050 4230 ejus
2113 4137 2461 4230 insignem
2533 4139 3018 4212 liberalitatem
3085 4153 3156 4211 et

637 4338 699 4386 (a)
727 4338 1015 4378 Benedictus
1041 4337 1153 4378 1111
1180 4336 1257 4376 hio
1285 4334 1393 4382 mit,
1418 4336 1663 4386 antipam..
1677 4335 1839 4383 cui.1n
1857 4335 2001 4389 longo
2017 4335 2275 4378 schismate
2296 4336 2479 4379 saeculi
2499 4346 2598 4385 xiv,
2616 4337 2892 4383 Galliarum.
2912 4337 3157 4380 catella

580 4391 629 4431 et
649 4391 838 4431 Siclliae
856 4392 1031 4440 Regna,
1048 4391 1236 4430 mortuo
1254 4390 1648 4439 pseudopontmot
1678 4390 1922 4430 Clemente
1950 4390 2052 4435 vn,
2078 4390 2319 4432 avenione
2345 4391 2546 4433 suffecto
2575 4390 2911 4438 adhaeserunt.
2939 4392 3155 4434 euteria

581 4443 858 4485 Pontificem
883 4443 1222 4489 salutantibus,
1236 4444 1410 4484 Romae
1431 4444 1641 4494 legitime
1658 4443 2006 4489 renunciatum.
2025 4444 2323 4486 Boumeinm
2338 4444 2416 4488 11.
2495 4491 2500 4496 ,
