3327 4999
696 343 821 408 738
1399 359 1477 404 na
1525 359 1615 405 ss.
1672 357 1839 405 ΜΕΝΑ
1890 354 2212 417 ursocns
2259 357 2372 404 uu.
2683 337 2786 402 EX
2841 335 3015 402 DEC.
3077 339 3157 400 ⁴¹0

688 448 725 602 ἓ
790 451 877 516 2.
933 448 1079 514 Irae
1114 444 1340 531 itaque
1373 443 1561 512 hunc
1624 455 2048 542 praetextum
2103 463 2263 532 prae
2323 462 2393 511 se
2446 439 2672 510 ferens
2721 439 2907 526 quod
2963 450 3156 538 tanta

599 534 684 602 de
713 534 956 605 ecisset
1001 533 1263 612 civitas,
1319 544 1482 600 tunc
1520 531 1802 618 quidem
1853 552 2059 600 suum
2111 530 2393 599 retinuit
2435 529 2807 619 impetum,
2865 550 2984 597 eos
3035 549 3156 614 qui

594 636 790 692 erant
837 623 905 690 in
977 621 1271 690 Ecclesia
1305 673 1324 699 ,
1394 632 1473 689 ut
1518 621 1639 707 qui
1687 632 1914 688 essent
1958 641 2038 688 ex
2107 618 2624 709 magistratibus
2658 673 2672 698 ‚
2766 615 3151 686 reveritus:

603 726 831 800 postea
878 722 1105 779 autem
1138 731 1297 778 cum
1337 708 1403 775 in
1436 708 1563 778 hoc
1604 721 1823 778 totum
1851 730 2056 777 suum
2090 707 2537 777 convertisset
2566 705 2904 787 studium,
2944 718 3013 774 et
3037 725 3154 773 co-

601 797 1110 890 gnovissetsibi
1156 797 1437 883 quidem
1484 819 1758 866 necesse
1791 818 1937 867 esse
1990 795 2410 885 reipublicae
2446 795 2668 886 gratia
2722 793 2956 863 adhuc
3005 815 3158 862 ver-

602 887 740 957 sari
791 885 1115 976 Byzantii,
1172 907 1309 955 non
1358 886 1677 975 expedire
1727 907 1906 964 vero,
1960 906 2039 953 eo
2090 884 2322 954 relicto
2357 939 2373 963 ,
2448 882 2798 973 proficisci
2869 883 3155 951 Alexan-

601 975 849 1056 driam,
890 974 1095 1043 mittit
1124 973 1210 1042 ad
1258 995 1373 1043 eos
1422 974 1642 1043 virum
1696 974 1816 1064 qui
1865 973 2239 1042 vocabatur
2284 972 2565 1060 quidem
2621 976 2876 1050 Menas,
2914 983 2982 1039 et
3011 983 3153 1039 erat

603 1085 850 1154 genere
896 1062 1346 1143 Atheniensis,
1400 1073 1463 1131 et
1513 1084 1698 1131 unus
1740 1083 1819 1131 ex
1861 1074 2125 1142 senatu,
2162 1072 2227 1131 et
2273 1083 2352 1129 ex
2403 1066 2818 1131 Graecorum
2873 1081 3151 1150 proces-

603 1164 781 1222 serat
827 1150 1239 1241 disciplina:
1291 1162 1367 1220 ut
1413 1150 1534 1239 qui
1581 1173 1741 1220 cum
1783 1151 1850 1218 in
1902 1150 2037 1220 alia
2068 1162 2245 1220 esset
2275 1149 2589 1219 doctrina
2636 1170 2912 1219 summe
2960 1170 3152 1217 exer-

601 1242 871 1319 citatus,
931 1252 1075 1309 tum
1126 1240 1330 1309 etiam
1400 1239 1470 1307 in
1533 1252 1677 1308 arte
1741 1238 2081 1308 rhetorica
2144 1245 2322 1325 quae
2388 1238 2458 1306 in
2526 1237 3146 1327 disceptationibus

601 1341 910 1398 versatur
955 1339 1020 1396 et
1051 1327 1630 1407 contentionibuS,
1672 1339 1816 1396 erat
1866 1327 2464 1417 inexpugnabilis:
2518 1340 2582 1395 et
2629 1340 2707 1396 ut
2755 1326 3002 1416 paucis
3043 1325 3151 1394 di·

602 1441 779 1498 cam,
833 1416 919 1485 ad
968 1416 1341 1485 dicendum
1393 1416 1673 1503 quidem
1724 1428 1867 1484 erat
1918 1437 2107 1506 prom
2169 1416 2478 1485 tissimus
2511 1471 2525 1495 ,
2579 1416 2665 1483 ad
2717 1413 3149 1483 audiendum

605 1528 759 1575 vero
844 1504 1412 1574 rudentissimus:
1468 1516 1631 1574 tunc
1681 1516 1909 1573 autem
1962 1504 2106 1573 cela
2160 1518 2228 1572 at
2277 1503 2703 1594 religionem,
2757 1516 2823 1572 et
2884 1502 3153 1573 occulte

603 1529 992 1664 sectabatur
1039 1615 1145 1662 res
1194 1593 1781 1662 Christianorum:
1835 1614 2058 1679 usque
2105 1592 2187 1661 ad
2265 1593 2390 1662 hoc
2458 1604 2733 1683 tempus
2796 1603 3028 1661 autem
3083 1613 3156 1661 se

604 1681 978 1752 simulabat
1025 1681 1219 1768 sequi
1268 1681 1686 1750 voluntatem
1758 1682 2224 1773 Imperatoris.
2281 1683 2651 1751 Verebatur
2709 1681 2923 1760 enim,
2985 1701 3157 1767 quo-

602 1772 785 1841 niam
826 1782 986 1840 sunt
1032 1770 1409 1839 certamina
1460 1768 1867 1860 periculosa,
1901 1792 2030 1840 sua
2055 1780 2296 1859 sponte
2326 1768 2558 1839 venire
2587 1768 2673 1838 ad
2707 1769 3149 1857 martyrium.

600 1865 812 1948 Atque
860 1865 1240 1949 Imperator
1294 1857 1572 1946 quidem
1635 1857 1937 1927 maxima
2000 1858 2341 1928 celeritate
2387 1879 2546 1929 eum
2601 1857 2808 1928 mittit
2863 1857 3155 1928 Alexan-

598 1948 846 2029 driam,
899 1960 975 2017 ut
1023 1968 1251 2018 rerum
1303 1945 1585 2034 quidem
1622 1946 1932 2017 civilium
1967 1957 2335 2037 componat
2360 1945 2887 2026 controversiaS,
2937 1958 3006 2016 et
3035 1969 3155 2017 eos

600 2036 992 2106 reconciliet
1037 2034 1158 2122 qui
1221 2046 1497 2125 propter
1542 2058 1658 2106 eas
1711 2047 2190 2125 processerunt
2237 2035 2323 2104 ad
2375 2033 2789 2105 seditiones:
2845 2034 3156 2104 maxime

605 2147 762 2195 vero
799 2136 864 2193 et
913 2123 1303 2214 praecipue,
1357 2135 1434 2193 ut
1480 2123 1622 2193 zelo
1673 2124 1931 2213 patriae
1977 2123 2358 2214 religionis,
2417 2136 2483 2195 et
2530 2123 2809 2194 dicendi
2858 2135 3031 2203 arte,
3091 2136 3157 2193 et

600 2213 817 2282 animi
856 2212 1288 2290 celsitudine,
1343 2212 1591 2280 Christi
1626 2211 2203 2301 praedicationem
2255 2211 2620 2302 expelleret
2666 2232 2704 2280 e
2750 2211 3054 2293 civitate,
3092 2225 3161 2281 et

603 2323 846 2372 rursus
894 2300 1408 2390 imperatoriam
1459 2299 1728 2371 doceret
1776 2299 2205 2390 religionem,
2258 2321 2374 2372 eos
2407 2301 2845 2390 subjungens
2890 2300 3016 2387 qui
3070 2300 3156 2369 il-

603 2389 736 2459 lam
789 2388 1294 2479 abjuraverant.

687 2479 723 2565 ξ
788 2481 879 2551 8.
936 2478 1057 2547 Ille
1104 2489 1330 2548 autem
1385 2487 1782 2568 potestatem
1825 2489 1891 2548 et
1939 2488 2284 2548 tantarum
2337 2498 2566 2549 rerum
2620 2477 2872 2548 molem
2923 2478 3158 2548 susci·

599 2566 819 2668 piem,
873 2588 1032 2636 cum
1083 2566 1270 2636 brevi
1305 2578 1609 2658 tempore
1656 2566 1899 2638 fuisset
1947 2567 2014 2636 in
2068 2567 2360 2649 civitate,
2415 2567 2584 2637 artis
2627 2566 3040 2639 necessitate
3090 2580 3158 2639 et

597 2656 857 2747 lngenii
910 2655 1328 2748 praestantia
1373 2656 1870 2729 controversias
1918 2656 2116 2726 facile
2163 2656 2550 2746 composuit
2575 2667 2640 2728 et
2686 2656 2963 2727 civibus
2987 2657 3152 2745 qui-

597 2744 753 2813 dem
803 2744 1159 2832 antiquam
1213 2765 1474 2835 pacem,
1531 2745 1789 2815 civitati
1837 2768 1991 2816 vero
2002 2744 2400 2901 (potentiam
2451 2756 2516 2815 et
2566 2744 3147 2832 tranquillitatem

597 2832 881 2903 omnino
929 2833 1249 2914 restituit,
1305 2833 1473 2903 adeo
1521 2845 1597 2903 ut
1667 2856 1820 2903 raro
1877 2833 1997 2922 qui
2051 2855 2157 2903 em
2219 2833 2573 2915 tribunali,
2638 2833 2753 2924 pla
2805 2832 2864 2904 is
2913 2845 3155 2904 autem

599 2943 687 2990 ne
736 2920 942 2994 semel
976 2921 1255 3008 quidem
1306 2943 1482 3010 opus
1529 2920 1756 2990 suerit.
1798 2928 1964 2991 Cum
2001 2935 2231 2990 autem
2282 2923 2349 2990 in
2404 2923 2558 2993 aliis
2605 2923 2723 3009 qui
2780 2944 2887 2992 em
2935 2922 3157 2993 vidis-

600 3021 699 3080 set
746 3010 1109 3078 convenire
1155 3008 1520 3088 civitatem,
1578 3009 1648 3077 in
1689 3010 1842 3087 novi
1894 3032 2048 3079 vero
2079 3009 2422 3100 dogmatis
2465 3011 2801 3082 sententia
2831 3010 3154 3081 nondum

593 3097 981 3176 convenire,
1034 3108 1099 3165 et
1145 3096 1380 3165 omnia
1428 3096 1782 3187 sigillatim
1839 3098 2227 3188 scripsisset
2275 3098 2372 3167 ad·
2412 3104 2931 3190 Imperatorem,
2985 3122 3158 3170 con-

598 3208 836 3254 versus
884 3196 985 3252 est
1016 3183 1165 3274 ipse
1213 3184 1295 3253 ad
1350 3184 1976 3275 praedicationem:
2027 3198 2093 3255 et
2141 3185 2532 3276 intelligens
2597 3210 2746 3258 esse
2805 3186 3034 3269 facile,
3095 3190 3156 3259 si

598 3271 802 3342 modo
848 3272 1031 3353 velit,
1087 3284 1292 3342 totam
1346 3295 1468 3363 per
1515 3295 1587 3342 se
1634 3274 1975 3344 civitatem
2027 3286 2420 3344 convertere
2450 3275 2534 3344 ad
2585 3297 2816 3346 veram
2867 3276 3154 3368 religio-

598 3382 805 3429 nem:
859 3371 924 3430 et
982 3360 1163 3448 quod
1218 3361 1277 3431 si
1325 3361 1392 3430 in
1437 3362 1570 3432 alio
1625 3363 1905 3450 quidem
1959 3376 2092 3433 tem
2149 3385 2264 3433 ore
2313 3362 2642 3433 subiisset
2698 3365 3146 3455 martyrium,

596 3473 719 3541 pro
777 3472 848 3521 se
897 3451 1120 3521 solum
1171 3452 1548 3541 accepisset
1594 3474 1955 3521 coronam:
2005 3453 2090 3523 ho
2144 3453 2204 3522 ie
2252 3463 2481 3521 autem
2539 3474 2658 3541 pro
2707 3452 2794 3521 iis
2841 3453 2965 3541 qui
3028 3455 3152 3524 de-

597 3551 881 3621 certant,
927 3540 1071 3610 acci
1129 3539 1215 3609 iet
1263 3540 1684 3609 mercedem:
1738 3541 2015 3611 intuens
2076 3541 2158 3610 ad
2229 3563 2542 3622 coronaS,
2601 3541 2837 3611 statuit
2882 3554 2950 3611 et
3000 3565 3153 3614 ma-

594 3629 704 3784 gis
751 3650 1038 3718 arguere
1116 3628 1563 3718 eceptionem,
1609 3640 1674 3698 et
1723 3630 2082 3700 traducere
2119 3629 2462 3699 civitatem
2514 3630 2601 3699 ab
2649 3652 2876 3699 errore
2926 3634 3155 3720 genti-

623 3718 765 3786 ium
796 3772 810 3795 ‚
871 3730 933 3786 et
982 3717 1397 3806 persuadere
1443 3718 1793 3798 omnibus,
1861 3731 1938 3787 ut
1985 3719 2258 3788 discant
2317 3719 2662 3808 pietatem,
2716 3732 2781 3788 et
2829 3720 3149 3809 seipsum

592 3805 876 3874 reddere
925 3804 1365 3874 manifestum
1401 3860 1415 3886 ,
1473 3816 1538 3874 et
1589 3807 2051 3876 certaminum
2123 3808 2519 3877 occasiones
2585 3807 2729 3898 ipse
2780 3820 3143 3894 tamquam

595 3915 800 3964 ansas
866 3893 1190 3982 praebere
1246 3893 1424 3962 aliiS.
1489 3895 1826 3975 Quoniam
1892 3917 2048 3964 vero
2098 3895 2556 3986 perspiciebat
2618 3895 3149 3968 multitudinem

594 4002 1028 4068 nequaquam
1080 3981 1359 4069 quidem
1412 3982 1636 4052 nudas
1696 3983 2054 4054 admittere
2103 3984 2638 4067 adhortationeS,
2692 3985 2810 4055 sed
2852 4006 2972 4054 eas
3028 4008 3152 4076 po-

594 4071 730 4139 tius
779 4069 1030 4138 habere
1063 4083 1458 4160 suspectas:
1497 4070 1773 4142 facilius
1807 4085 2032 4142 autem
2085 4072 2239 4162 capi
2273 4095 2314 4141 a
2351 4072 2485 4143 fide
2532 4094 2708 4159 quae
2757 4073 3152 4163 proficisci-

595 4171 708 4228 tur
753 4179 831 4227 ex
880 4157 1228 4249 operibu5,
1284 4181 1505 4249 pauca
1554 4160 1831 4242 docens,
1887 4160 2095 4248 idque
2125 4161 2376 4243 solum,
2418 4162 2695 4247 quando
2728 4161 3007 4231 videbat
3040 4164 3154 4232 in·

595 4258 1039 4337 terrogante5‚
1092 4259 1156 4318 et
1194 4269 1282 4316 cu
1338 4248 1553 4317 ientes
1600 4248 1898 4319 discere:
1954 4271 2209 4339 magna
2241 4272 2322 4317 ex
2419 4263 2562 4318 arte
2609 4262 2835 4318 autem
2864 4271 2985 4319 eos
3024 4274 3153 4351 per

593 4336 793 4425 signa
823 4333 1181 4416 inducenS‚
1236 4357 1273 4404 a
1328 4357 1406 4405 eo
1454 4335 1641 4406 brevi
1674 4337 1759 4406 ad
1788 4359 1963 4418 eam,
1998 4358 2175 4424 quae
2223 4337 2354 4407 late
2405 4348 2495 4419 at,
2551 4337 2850 4406 traduxit
2893 4353 3153 4410 verita·

589 4435 749 4505 tem,
789 4433 865 4494 ut
896 4422 1150 4494 fuerint
1179 4444 1419 4494 omnes
1469 4424 1688 4515 parati
1737 4425 2155 4496 daemonum
2206 4436 2467 4496 statuas
2514 4436 2578 4495 et
2612 4445 2769 4494 aras
2809 4423 3145 4514 dejicere:
