3327 4999
675 324 800 389 624
1410 341 1501 388 na
1548 342 1603 388 s.
1656 339 1942 389 ueneno
1991 338 2286 388 smscoro
2581 280 2582 285 Ἰ
2643 321 2749 387 EX
2799 320 3018 388 SEPT.
3071 320 3123 385 3

585 420 932 492 nitebatur
999 420 1257 491 arctius
1325 419 1522 490 illum
1599 421 1943 490 devincire
2023 420 2156 490 sibi
2270 440 2346 489 er
2408 418 2738 511 sigeberti
2814 420 2940 489 filii
2989 420 3127 491 .sui

581 511 1031 611 baptismum,
1085 525 1289 597 atque
1337 510 1406 578 in
1448 510 1860 600 TraJectensi
1906 532 2066 578 eum
2117 522 2226 578 cat
2279 508 2441 578 edra
2492 507 2849 579 collocare.
2889 514 2966 579 Et
2999 509 3122 579 ille

581 600 865 686 quidem
934 600 1034 668 vir
1095 612 1375 671 sanctus
1443 621 1564 688 per
1620 600 1994 669 triennium
2046 598 2232 669 vicos
2280 611 2345 667 et
2391 611 2614 668 castra
2664 598 3123 687 perlustrans,

579 689 864 757 verbum
917 688 1088 758 vitae
1134 687 1633 759 disseminavit:
1675 688 1793 760 sed
1827 687 2002 756 nihil
2053 708 2125 756 se
2175 687 2504 775 proficere
2550 708 2863 768 cernenS,
2908 687 3129 757 immo

580 799 738 846 vero
783 776 989 846 etiam
1037 777 1223 868 ipsos
1271 776 1656 847 sacerdotes
1696 789 1760 847 et
1796 780 2054 845 Levltas
2103 776 2236 845 sibi
2292 775 2626 846 insultare
2673 775 3119 845 animadver-

582 877 755 947 tenS,
816 864 1163 955 pulverem
1216 865 1493 955 pedum,
1534 865 2121 953 quemadmodum
2193 864 2522 935 Dominus
2561 865 2782 954 jubet,
2839 865 2906 933 in
2955 864 3129 937 illos

581 955 903 1036 excussit,
954 966 1159 1041 atque
1204 955 1290 1023 ad
1340 954 1488 1024 loca
1550 956 1709 1036 alia,
1775 967 1853 1024 ut
1899 955 2096 1046 prius
2141 952 2434 1034 fecerat,
2479 974 2628 1023 sese
2723 954 3132 1024 raedicandi

582 1048 793 1112 causa
826 1045 1136 1114 contulit.
1175 1048 1687 1134 Incompertum
1741 1066 1894 1113 vero
1941 1056 2063 1123 est,
2108 1057 2366 1128 quanto
2396 1055 2625 1133 tempo
2735 1043 2929 1133 plebs
2959 1048 3132 1113 Tra-

574 1133 901 1223 jectensis
952 1147 1094 1202 tum
1146 1133 1294 1202 sine
1344 1146 1612 1221 pastore
1662 1132 2136 1223 permanserit,
2177 1131 2395 1201 donec
2446 1131 2874 1222 Sigebertum
2931 1144 3130 1221 pater

585 1227 836 1312 Regem
899 1221 1358 1291 Austrasianis
1419 1221 1647 1303 dedit,
1703 1234 1766 1290 et
1814 1222 1881 1290 in
1950 1220 2537 1289 Mediomatricum
2588 1221 2757 1289 urbe
2804 1220 2838 1255 ⁴
2886 1220 3126 1291 sedem

582 1311 834 1380 habere
882 1310 1116 1380 voluit.
1173 1310 1245 1379 Ei
1295 1331 1449 1379 vero
1497 1311 1959 1401 Trajectenses
2006 1333 2086 1378 ex
2132 1309 2491 1378 communi
2542 1309 2977 1379 sacerdotum
3046 1332 3125 1378 e-

585 1399 892 1481 lectione,
947 1413 1345 1502 magnatum
1398 1398 1613 1469 multa
1675 1398 2079 1486 frequentia,
2132 1410 2197 1467 et
2242 1398 2555 1467 omnium
2607 1398 2933 1467 ordinum
3002 1418 3130 1487 po-

582 1489 970 1570 stulatione,
1022 1487 1367 1575 eJusmodi
1403 1509 1637 1578 preces
1684 1488 2002 1569 offerunt,
2058 1487 2399 1556 neminem
2440 1486 2633 1577 ipsiS,
2676 1487 2810 1556 nisi
2842 1487 3130 1557 beatum

585 1577 1011 1658 Remaclum,
1066 1577 1480 1668 Episcopum
1534 1577 1810 1668 praefici
1857 1576 2141 1647 debere:
2192 1576 2314 1662 qui
2363 1576 2451 1645 sit
2494 1588 2563 1644 et
2609 1581 2742 1645 Deo
2787 1589 2855 1646 et
2899 1574 3134 1652 homi-⁸

584 1666 794 1736 nibus
858 1667 1157 1747 charus,
1211 1665 1387 1734 nulli
1448 1666 1599 1755 ejus
1644 1666 1884 1736 aetatis
1932 1664 2287 1734 sanctitate
2335 1664 2730 1745 secundus,
2783 1662 3138 1754 Angelicis

585 1755 945 1845 spiritibus
992 1768 1251 1845 gratus,
1291 1755 1561 1824 cunctis
1609 1754 2016 1824 mortalibus
2064 1753 2552 1844 suspiciendus
2580 1766 2645 1822 et
2678 1751 3127 1823 reverenduS.

586 1845 751 1934 Ejus
799 1866 869 1913 se
912 1844 1127 1913 multa
1166 1856 1476 1933 expertos
1525 1843 2172 1925 beneficia,·crebro
2211 1856 2276 1911 et
2322 1841 2506 1931 apud
2550 1847 2808 1932 Regem
2844 1855 2910 1911 et
2957 1844 3122 1931 pro-

587 1955 777 2002 ceres
828 1932 1123 2001 multum
1174 1932 1347 2022 ipsis
1394 1932 1545 2021 ejus
1647 1932 1934 2004 rofuisse
1980 1931 2312 2022 suffragia
2369 1944 2936 2001 commemorant.
2990 1936 3132 2000 Nec

588 2022 741 2111 ejus
814 2022 1178 2091 obscuram
1239 2042 1389 2100 esse
1448 2043 1578 2111 pru
1630 2022 1933 2102 entiam,
1987 2021 2109 2108 qui
2168 2042 2304 2088 non
2355 2042 2509 2089 raro
2561 2020 2767 2110 regiis
2811 2019 3131 2090 consiliis

588 2110 944 2180 adhibitus
992 2111 1099 2180 sit.
1155 2113 1525 2200 Suppetere
1570 2111 1634 2179 ei
1683 2110 2038 2181 scientiam
2091 2109 2627 2198 scripturarum,
2667 2109 2855 2177 unde
2907 2109 3130 2198 possit

586 2211 652 2269 et
692 2214 911 2268 vetera
957 2210 1022 2267 et
1073 2220 1242 2267 nova
1293 2198 1615 2286 proferre.
1671 2198 1972 2286 Denique
2012 2198 2182 2267 nihil
2217 2198 2277 2267 ei
2309 2219 2547 2266 carum
2586 2219 2813 2266 rerum
2850 2196 3118 2277 deesse,

587 2288 843 2375 quibus
891 2286 1249 2377 Apostolus
1297 2288 1709 2378 Episcopum
1752 2287 2166 2357 instructum
2217 2308 2365 2357 esse
2404 2287 2584 2355 velit.
2639 2287 2732 2355 Iis
2788 2286 3129 2356 sermoni-

586 2378 722 2447 bus
752 2381 889 2445 Rex
927 2376 1211 2446 comiter
1255 2388 1321 2446 et
1369 2398 1709 2467 propenso
1757 2377 1971 2445 animi
2021 2376 2247 2445 favore
2295 2375 2699 2455 assentiens,
2744 2396 3130 2461 eorumque

588 2465 838 2535 studiis
877 2465 1379 2546 obsecundanS,
1436 2466 1671 2536 statuit
1719 2472 2101 2556 praestare,
2145 2464 2326 2551 quod
2381 2464 2773 2555 rogabatur.
2829 2463 3130 2534 Accersit

587 2555 799 2645 igitur
845 2555 930 2624 ad
981 2577 1053 2624 se
1105 2557 1374 2624 beatum
1428 2554 1855 2625 Remaclum.
1891 2568 1956 2624 et
2001 2576 2079 2623 ea
2127 2554 2213 2623 de
2261 2577 2330 2622 re
2375 2575 2536 2622 cum
2572 2575 2650 2622 eo
2684 2553 2949 2623 confert
2986 2575 3131 2622 ser-

586 2666 888 2714 monem:
940 2657 1006 2712 et
1051 2656 1228 2713 certe
1275 2643 1412 2713 dici
1460 2644 1568 2713 vix
1614 2657 1841 2731 queat,
1880 2656 2139 2732 quanta
2185 2643 2514 2712 orationis
2553 2643 2890 2712 suavitate
2940 2642 3028 2711 ad
3067 2642 3134 2712 ei

587 2732 1143 2823 persuadendum
1196 2754 1367 2802 usus
1404 2732 1513 2814 sit,
1547 2754 1899 2819 quamque
1947 2731 2046 2800 illi
2101 2731 2323 2801 modis
2352 2732 2680 2801 omnibus
2707 2733 2811 2802 vir
2842 2744 3138 2801 sanctus

585 2822 976 2891 obluctatus
1023 2822 1132 2891 sit.
1217 2825 1292 2889 At
1353 2825 1490 2890 Rex
1539 2821 1967 2891 sacerdotum
2020 2833 2085 2891 et
2133 2823 2495 2912 procerum
2547 2819 2760 2892 fretus
2807 2821 3130 2902 consilio,

588 2911 674 2979 ab
721 2910 1098 2979 intentione
1144 2930 1270 2977 sua
1321 2930 1454 2977 non
1488 2909 1768 2979 destitit.
1805 2909 2104 2978 Tandem
2157 2910 2258 2978 vir
2310 2909 2419 2978 Dei
2469 2909 2749 2990 veritus,
2806 2931 2891 2978 ne
2938 2908 3123 2977 divi-

587 3020 717 3067 nae
763 3000 1103 3068 resisteret
1168 2997 1522 3079 voluntati,
1574 2998 1832 3068 invitus
1895 2998 2201 3085 quidem,
2256 2998 2591 3087 septimus
2636 3013 2705 3067 et
2746 3000 2809 3066 vi
2861 2998 3130 3068 esimus

587 3087 971 3188 Tungrensi
994 3086 1093 3155 vel
1123 3087 1533 3174 Trajectensi
1557 3087 1665 3177 (a)
1681 3087 2006 3157 ecclesiae
2032 3087 2316 3157 antistes
2340 3086 2565 3157 datur:
2600 3101 2675 3156 ut
2703 3109 2816 3156 ver
2870 3085 3137 3155 idivini

588 3197 905 3258 semina,
959 3196 1135 3261 quae
1186 3174 1516 3246 hactenus
1568 3177 1754 3266 apud
1804 3199 1877 3247 se
1935 3176 2289 3256 celaverat,
2396 3176 2665 3245 luribus
2714 3175 3122 3266 impertiret.

675 3267 712 3352 ξ
757 3270 845 3336 5.
900 3270 1046 3347 Qua
1093 3285 1248 3334 vero
1296 3263 1647 3356 religione,
1685 3286 1822 3352 qua
1856 3265 2239 3356 integritate
2290 3266 2330 3334 il
2369 3265 2460 3334 ud
2503 3288 2761 3335 munus
2800 3278 3135 3334 executus

588 3353 698 3432 sit,
753 3375 877 3422 nos
923 3352 1263 3443 explicare
1297 3354 1690 3440 nequimuS,
1741 3377 1899 3423 cum
1953 3376 2106 3423 mox
2152 3354 2224 3423 in
2273 3354 2426 3444 ipso
2459 3354 2918 3424 ordinationis
2966 3353 3124 3444 ejus

585 3442 781 3511 initio
832 3456 1088 3511 tantam
1149 3443 1213 3511 ei
1260 3442 1446 3512 verbi
1513 3444 1804 3533 gratiam
1856 3443 2165 3512 Christus
2214 3442 2506 3543 largitus
2563 3443 2701 3525 sit,
2755 3455 2832 3512 ut
2879 3464 3127 3512 omnes

583 3531 1137 3622 promptissimos
1187 3553 1334 3602 sese
1380 3531 1463 3600 ad
1515 3531 2134 3621 obtemperandum
2184 3533 2615 3611 exhiberent,
2672 3553 2872 3602 nemo
2919 3543 3126 3612 esset,

579 3621 702 3707 qui
753 3643 887 3689 non
936 3643 1015 3689 ex
1062 3620 1295 3690 animo
1340 3643 1502 3690 eum
1543 3620 1881 3711 diligeret:
1939 3621 2416 3708 unusquisque
2464 3621 2551 3690 ad
2582 3622 2732 3710 ejus
2763 3642 2836 3689 se
2869 3620 3130 3689 doctri-

582 3731 744 3777 nam
793 3709 1220 3779 conformare
1269 3732 1391 3801 pro
1443 3710 1704 3779 viribus
1777 3710 2127 3779 niteretur.
2191 3709 2389 3779 Nulla
2452 3709 2523 3778 in
2597 3710 2748 3799 ejus
2810 3709 3131 3777 moribus

581 3799 971 3887 arrogantia
1003 3853 1022 3878 ,
1079 3799 1195 3868 sed
1256 3811 1469 3868 totum
1537 3799 1735 3867 illum
1809 3799 1939 3870 sibi
1990 3811 2226 3869 sancta
2278 3798 2633 3867 humilitas
2681 3798 3120 3867 vendicabat.

582 3887 873 3976 Superbi
920 3909 1080 3956 eum
1133 3888 1637 3968 reverebantur,
1677 3899 1752 3956 ut
1783 3888 2234 3978 superiorem:
2268 3887 2567 3957 humiles
2607 3886 3128 3977 amplecteban-

580 3988 717 4054 tur,
770 3987 846 4045 ut
895 3974 1196 4045 fratrem.
1274 3982 1443 4064 Erga
1493 3999 1732 4046 ornnes
1780 3977 2131 4045 communi
2182 3988 2326 4046 erat
2373 3976 2593 4046 animi
2643 3974 3132 4045 benevolentia

580 4076 646 4132 et
683 4085 936 4133 amore.
983 4069 1061 4134 In
1098 4065 1295 4135 terris
1325 4064 1584 4156 degens
1631 4087 1938 4154 corpore,
1996 4065 2236 4135 habitu
2281 4077 2347 4135 et
2398 4065 2707 4135 moribus
2754 4063 3128 4134 coelestem

583 4174 655 4222 se
692 4152 1107 4223 declarabat.
1169 4158 1461 4245 Aspectu
1506 4154 1870 4246 Angelicus
1899 4210 1915 4236 ,
1990 4154 2265 4225 incessu
2322 4156 2751 4246 compositus
2783 4208 2800 4236 ,
2853 4151 3133 4223 actione

637 4297 1350 4400 δηεέἱῖηξῗιιιῖεῗὲἷῗὶιὲίυοε
1371 4354 1564 4400 Traiecti
1581 4354 1786 4393 nominis
1806 4355 1899 4394 duo
1919 4354 2061 4394 urbes
2082 4354 2234 4396 ruere:
2264 4363 2360 4392 nna
2379 4354 2436 4393 sd
2456 4354 2665 4398 Rhenum,
2686 4352 2745 4393 ad
2767 4353 2935 4392 Monam
2964 4351 3134 4392 alters.

583 4404 743 4451 Quoad
763 4406 956 4454 vulgare
977 4408 1133 4446 autem
1154 4417 1322 4445 nomen
1343 4407 1602 4456 distingue:
1626 4409 1669 4447 ei
1692 4408 1750 4447 do
1771 4408 1965 4454 Trajeaeen
1988 4407 2044 4446 ad
2065 4409 2258 4446 Rhenum
2280 4407 2449 4456 agitur.
2468 4407 2596 4447 dices
2614 4407 2785 4447 Uereeht
2806 4405 3138 4455 (Ultrajmum)

582 4458 625 4497 si
643 4457 699 4497 de
721 4458 869 4499 altero
890 4460 949 4499 ad
969 4461 1157 4510 Mosam,
1177 4460 1446 4501 Naffur-teht.
1476 4461 1536 4500 Et
1554 4462 1670 4500 haec
1696 4462 1740 4502 S.
1759 4462 1968 4502 Remacli
1989 4461 2284 4511 episcopans
2305 4461 2441 4501 sedes
2461 4460 2570 4502 fuit.
