<?xml version="1.0" encoding="UTF-8"?>
<!DOCTYPE html PUBLIC "-//W3C//DTD XHTML 1.0 Transitional//EN"
    "http://www.w3.org/TR/xhtml1/DTD/xhtml1-transitional.dtd">
<html xmlns="http://www.w3.org/1999/xhtml" xml:lang="en" lang="en">
 <head>
  <title>
</title>
<meta http-equiv="Content-Type" content="text/html;charset=utf-8" />
  <meta name='ocr-system' content='tesseract 3.04.00' />
  <meta name='ocr-capabilities' content='ocr_page ocr_carea ocr_par ocr_line ocrx_word'/>
</head>
<body>
  <div class='ocr_page' id='page_1' title='image "./historiaeseuvit04lippgoog_0777.png"; bbox 0 0 3327 4999; ppageno 0'>
   <div class='ocr_carea' id='block_1_1' title="bbox 245 387 2706 456">
    <p class='ocr_par' dir='ltr' id='par_1_1' title="bbox 245 387 2706 456">
     <span class='ocr_line' id='line_1_1' title="bbox 245 387 2706 456; baseline -0 -2"><span class='ocrx_word' id='word_1_1' title='bbox 245 387 347 454; x_wconf 84' lang='lat' dir='ltr'><strong>EX</strong></span> <span class='ocrx_word' id='word_1_2' title='bbox 396 387 568 456; x_wconf 87' lang='lat' dir='ltr'><strong>DEC.</strong></span> <span class='ocrx_word' id='word_1_3' title='bbox 627 389 709 454; x_wconf 73' lang='lat'><strong>⁴0</strong></span> <span class='ocrx_word' id='word_1_4' title='bbox 1058 408 1135 453; x_wconf 74' lang='lat' dir='ltr'><strong>na</strong></span> <span class='ocrx_word' id='word_1_5' title='bbox 1183 407 1274 454; x_wconf 91' lang='lat' dir='ltr'><strong>ss.</strong></span> <span class='ocrx_word' id='word_1_6' title='bbox 1329 407 1493 455; x_wconf 72' lang='lat' dir='ltr'>MENA</span> <span class='ocrx_word' id='word_1_7' title='bbox 1549 405 1623 452; x_wconf 77' lang='lat' dir='ltr'><strong>ET</strong></span> <span class='ocrx_word' id='word_1_8' title='bbox 1672 403 1870 454; x_wconf 85' lang='lat' dir='ltr'><strong>secus</strong></span> <span class='ocrx_word' id='word_1_9' title='bbox 1918 405 2030 454; x_wconf 70' lang='lat' dir='ltr'><strong>uu.</strong></span> <span class='ocrx_word' id='word_1_10' title='bbox 2579 388 2706 455; x_wconf 74' lang='lat'><strong>747</strong></span> 
     </span>
    </p>
   </div>
   <div class='ocr_carea' id='block_1_2' title="bbox 227 490 2794 4565">
    <p class='ocr_par' dir='ltr' id='par_1_2' title="bbox 232 490 2794 3146">
     <span class='ocr_line' id='line_1_2' title="bbox 241 490 2787 581; baseline -0 -20"><span class='ocrx_word' id='word_1_11' title='bbox 241 492 395 561; x_wconf 91' lang='lat' dir='ltr'><strong>luce</strong></span> <span class='ocrx_word' id='word_1_12' title='bbox 440 491 720 579; x_wconf 90' lang='lat' dir='ltr'><strong>quidem</strong></span> <span class='ocrx_word' id='word_1_13' title='bbox 771 492 1086 581; x_wconf 90' lang='lat' dir='ltr'><strong>plenum,</strong></span> <span class='ocrx_word' id='word_1_14' title='bbox 1139 492 1514 561; x_wconf 90' lang='lat' dir='ltr'><strong>obscurum</strong></span> <span class='ocrx_word' id='word_1_15' title='bbox 1564 490 1824 577; x_wconf 84' lang='lat' dir='ltr'>alioqui</span> <span class='ocrx_word' id='word_1_16' title='bbox 1873 510 2261 561; x_wconf 81' lang='lat' dir='ltr'>carcerem:</span> <span class='ocrx_word' id='word_1_17' title='bbox 2332 490 2507 561; x_wconf 91' lang='lat' dir='ltr'><strong>duos</strong></span> <span class='ocrx_word' id='word_1_18' title='bbox 2556 500 2787 560; x_wconf 89' lang='lat' dir='ltr'><strong>autem</strong></span> 
     </span>
     <span class='ocr_line' id='line_1_3' title="bbox 240 577 2791 670; baseline -0 -22"><span class='ocrx_word' id='word_1_19' title='bbox 240 580 447 660; x_wconf 88' lang='lat' dir='ltr'><strong>viros,</strong></span> <span class='ocrx_word' id='word_1_20' title='bbox 500 602 794 667; x_wconf 91' lang='lat' dir='ltr'><strong>quorum</strong></span> <span class='ocrx_word' id='word_1_21' title='bbox 849 580 1067 649; x_wconf 90' lang='lat' dir='ltr'><strong>forma</strong></span> <span class='ocrx_word' id='word_1_22' title='bbox 1115 601 1252 648; x_wconf 87' lang='lat' dir='ltr'><strong>non</strong></span> <span class='ocrx_word' id='word_1_23' title='bbox 1309 590 1529 670; x_wconf 88' lang='lat' dir='ltr'><strong>potest</strong></span> <span class='ocrx_word' id='word_1_24' title='bbox 1580 577 1805 656; x_wconf 84' lang='lat' dir='ltr'><strong>verbis</strong></span> <span class='ocrx_word' id='word_1_25' title='bbox 1853 579 2146 668; x_wconf 80' lang='lat' dir='ltr'><strong>exprimi</strong></span> <span class='ocrx_word' id='word_1_26' title='bbox 2195 579 2316 665; x_wconf 85' lang='lat' dir='ltr'><strong>qui</strong></span> <span class='ocrx_word' id='word_1_27' title='bbox 2377 578 2791 647; x_wconf 79' lang='lat' dir='ltr'><strong>assistebant</strong></span> 
     </span>
     <span class='ocr_line' id='line_1_4' title="bbox 241 665 2790 756; baseline -0.001 -19"><span class='ocrx_word' id='word_1_28' title='bbox 241 667 520 754; x_wconf 91' lang='lat' dir='ltr'><strong>quidem</strong></span> <span class='ocrx_word' id='word_1_29' title='bbox 574 680 899 755; x_wconf 78' lang='lat' dir='ltr'>tanquam</span> <span class='ocrx_word' id='word_1_30' title='bbox 953 668 1324 737; x_wconf 79' lang='lat' dir='ltr'><strong>satellites:</strong></span> <span class='ocrx_word' id='word_1_31' title='bbox 1380 680 1456 738; x_wconf 91' lang='lat' dir='ltr'><strong>ut</strong></span> <span class='ocrx_word' id='word_1_32' title='bbox 1507 667 1758 736; x_wconf 81' lang='lat' dir='ltr'><strong>milites</strong></span> <span class='ocrx_word' id='word_1_33' title='bbox 1800 688 1979 746; x_wconf 85' lang='lat' dir='ltr'><strong>vere,</strong></span> <span class='ocrx_word' id='word_1_34' title='bbox 2034 678 2228 736; x_wconf 87' lang='lat' dir='ltr'><strong>erant</strong></span> <span class='ocrx_word' id='word_1_35' title='bbox 2277 666 2497 756; x_wconf 89' lang='lat' dir='ltr'><strong>parati</strong></span> <span class='ocrx_word' id='word_1_36' title='bbox 2546 666 2631 734; x_wconf 90' lang='lat' dir='ltr'><strong>ad</strong></span> <span class='ocrx_word' id='word_1_37' title='bbox 2669 665 2790 734; x_wconf 89' lang='lat' dir='ltr'><strong>de-</strong></span> 
     </span>
     <span class='ocr_line' id='line_1_5' title="bbox 243 756 2789 844; baseline -0.001 -19"><span class='ocrx_word' id='word_1_38' title='bbox 243 756 702 826; x_wconf 89' lang='lat' dir='ltr'><strong>fendendum:</strong></span> <span class='ocrx_word' id='word_1_39' title='bbox 744 762 1105 844; x_wconf 85' lang='lat' dir='ltr'><strong>Martyrem</strong></span> <span class='ocrx_word' id='word_1_40' title='bbox 1144 769 1371 826; x_wconf 90' lang='lat' dir='ltr'><strong>autem</strong></span> <span class='ocrx_word' id='word_1_41' title='bbox 1406 777 1539 824; x_wconf 89' lang='lat' dir='ltr'><strong>non</strong></span> <span class='ocrx_word' id='word_1_42' title='bbox 1592 756 1816 825; x_wconf 87' lang='lat' dir='ltr'><strong>solum</strong></span> <span class='ocrx_word' id='word_1_43' title='bbox 1870 756 2128 834; x_wconf 91' lang='lat' dir='ltr'><strong>vivum,</strong></span> <span class='ocrx_word' id='word_1_44' title='bbox 2166 768 2232 824; x_wconf 90' lang='lat' dir='ltr'><strong>et</strong></span> <span class='ocrx_word' id='word_1_45' title='bbox 2264 765 2789 824; x_wconf 84' lang='lat' dir='ltr'><strong>conservantem</strong></span> 
     </span>
     <span class='ocr_line' id='line_1_6' title="bbox 243 843 2794 935; baseline -0.001 -21"><span class='ocrx_word' id='word_1_46' title='bbox 243 845 548 914; x_wconf 85' lang='lat' dir='ltr'><strong>illaesam</strong></span> <span class='ocrx_word' id='word_1_47' title='bbox 606 845 913 935; x_wconf 89' lang='lat' dir='ltr'><strong>corporis</strong></span> <span class='ocrx_word' id='word_1_48' title='bbox 965 845 1461 935; x_wconf 80' lang='lat' dir='ltr'><strong>integritatem:</strong></span> <span class='ocrx_word' id='word_1_49' title='bbox 1529 844 1646 914; x_wconf 89' lang='lat' dir='ltr'><strong>sed</strong></span> <span class='ocrx_word' id='word_1_50' title='bbox 1699 843 1968 933; x_wconf 84' lang='lat' dir='ltr'><strong>placide</strong></span> <span class='ocrx_word' id='word_1_51' title='bbox 2015 844 2220 913; x_wconf 86' lang='lat' dir='ltr'><strong>etiam</strong></span> <span class='ocrx_word' id='word_1_52' title='bbox 2274 844 2680 922; x_wconf 87' lang='lat' dir='ltr'><strong>intuentem,</strong></span> <span class='ocrx_word' id='word_1_53' title='bbox 2729 854 2794 911; x_wconf 89' lang='lat' dir='ltr'><strong>et</strong></span> 
     </span>
     <span class='ocr_line' id='line_1_7' title="bbox 242 930 2790 1025; baseline -0.001 -23"><span class='ocrx_word' id='word_1_54' title='bbox 242 933 551 1025; x_wconf 90' lang='lat' dir='ltr'><strong>linguam</strong></span> <span class='ocrx_word' id='word_1_55' title='bbox 588 945 997 1014; x_wconf 88' lang='lat' dir='ltr'><strong>moventem,</strong></span> <span class='ocrx_word' id='word_1_56' title='bbox 1034 946 1098 1002; x_wconf 91' lang='lat' dir='ltr'><strong>et</strong></span> <span class='ocrx_word' id='word_1_57' title='bbox 1132 932 1447 1022; x_wconf 84' lang='lat' dir='ltr'><strong>jucunde</strong></span> <span class='ocrx_word' id='word_1_58' title='bbox 1481 932 1914 1022; x_wconf 85' lang='lat' dir='ltr'><strong>psallentem:</strong></span> <span class='ocrx_word' id='word_1_59' title='bbox 1952 937 2116 1002; x_wconf 91' lang='lat' dir='ltr'><strong>Nam</strong></span> <span class='ocrx_word' id='word_1_60' title='bbox 2171 933 2296 1000; x_wconf 91' lang='lat' dir='ltr'><strong>etsi</strong></span> <span class='ocrx_word' id='word_1_61' title='bbox 2346 930 2790 1000; x_wconf 82' lang='lat' dir='ltr'><strong>ambulavero</strong></span> 
     </span>
     <span class='ocr_line' id='line_1_8' title="bbox 242 1020 2783 1108; baseline -0.002 -17"><span class='ocrx_word' id='word_1_62' title='bbox 242 1024 310 1091; x_wconf 92' lang='lat' dir='ltr'><strong>in</strong></span> <span class='ocrx_word' id='word_1_63' title='bbox 340 1021 564 1091; x_wconf 89' lang='lat' dir='ltr'><strong>medio</strong></span> <span class='ocrx_word' id='word_1_64' title='bbox 590 1022 877 1091; x_wconf 88' lang='lat' dir='ltr'><strong>umbrae</strong></span> <span class='ocrx_word' id='word_1_65' title='bbox 917 1024 1177 1102; x_wconf 78' lang='lat' dir='ltr'><strong>mortiS,</strong></span> <span class='ocrx_word' id='word_1_66' title='bbox 1211 1044 1346 1090; x_wconf 91' lang='lat' dir='ltr'><strong>non</strong></span> <span class='ocrx_word' id='word_1_67' title='bbox 1379 1022 1633 1091; x_wconf 88' lang='lat' dir='ltr'><strong>timebo</strong></span> <span class='ocrx_word' id='word_1_68' title='bbox 1668 1020 1890 1089; x_wconf 89' lang='lat' dir='ltr'><strong>mala:</strong></span> <span class='ocrx_word' id='word_1_69' title='bbox 1925 1021 2254 1108; x_wconf 89' lang='lat' dir='ltr'><strong>quoniam</strong></span> <span class='ocrx_word' id='word_1_70' title='bbox 2286 1031 2358 1090; x_wconf 90' lang='lat' dir='ltr'><strong>tu</strong></span> <span class='ocrx_word' id='word_1_71' title='bbox 2381 1040 2652 1089; x_wconf 90' lang='lat' dir='ltr'><strong>mecum</strong></span> <span class='ocrx_word' id='word_1_72' title='bbox 2688 1040 2783 1098; x_wconf 91' lang='lat' dir='ltr'><strong>es,</strong></span> 
     </span>
     <span class='ocr_line' id='line_1_9' title="bbox 242 1107 2784 1201; baseline -0.002 -22"><span class='ocrx_word' id='word_1_73' title='bbox 242 1111 547 1180; x_wconf 88' lang='lat' dir='ltr'><strong>Domine.</strong></span> <span class='ocrx_word' id='word_1_74' title='bbox 612 1112 928 1180; x_wconf 89' lang='lat' dir='ltr'><strong>Protinus</strong></span> <span class='ocrx_word' id='word_1_75' title='bbox 986 1133 1148 1201; x_wconf 87' lang='lat' dir='ltr'><strong>ergo</strong></span> <span class='ocrx_word' id='word_1_76' title='bbox 1214 1111 1474 1180; x_wconf 89' lang='lat' dir='ltr'><strong>visione</strong></span> <span class='ocrx_word' id='word_1_77' title='bbox 1535 1109 2015 1200; x_wconf 85' lang='lat' dir='ltr'><strong>obstupefacti,</strong></span> <span class='ocrx_word' id='word_1_78' title='bbox 2072 1121 2313 1179; x_wconf 88' lang='lat' dir='ltr'><strong>stetere</strong></span> <span class='ocrx_word' id='word_1_79' title='bbox 2363 1107 2560 1178; x_wconf 90' lang='lat' dir='ltr'><strong>muti.</strong></span> <span class='ocrx_word' id='word_1_80' title='bbox 2618 1111 2784 1176; x_wconf 91' lang='lat' dir='ltr'><strong>Cum</strong></span> 
     </span>
     <span class='ocr_line' id='line_1_10' title="bbox 239 1198 2789 1290; baseline -0.002 -21"><span class='ocrx_word' id='word_1_81' title='bbox 239 1199 429 1269; x_wconf 89' lang='lat' dir='ltr'><strong>brevi</strong></span> <span class='ocrx_word' id='word_1_82' title='bbox 480 1211 708 1269; x_wconf 88' lang='lat' dir='ltr'><strong>autem</strong></span> <span class='ocrx_word' id='word_1_83' title='bbox 744 1200 1247 1290; x_wconf 84' lang='lat' dir='ltr'><strong>perspexissent</strong></span> <span class='ocrx_word' id='word_1_84' title='bbox 1296 1221 1431 1268; x_wconf 91' lang='lat' dir='ltr'><strong>non</strong></span> <span class='ocrx_word' id='word_1_85' title='bbox 1481 1220 1628 1269; x_wconf 87' lang='lat' dir='ltr'><strong>esse</strong></span> <span class='ocrx_word' id='word_1_86' title='bbox 1678 1198 1990 1268; x_wconf 89' lang='lat' dir='ltr'><strong>fraudem</strong></span> <span class='ocrx_word' id='word_1_87' title='bbox 2024 1210 2089 1267; x_wconf 91' lang='lat' dir='ltr'><strong>et</strong></span> <span class='ocrx_word' id='word_1_88' title='bbox 2119 1198 2468 1268; x_wconf 91' lang='lat' dir='ltr'><strong>somnium</strong></span> <span class='ocrx_word' id='word_1_89' title='bbox 2505 1218 2789 1283; x_wconf 90' lang='lat' dir='ltr'><strong>eaquae</strong></span> 
     </span>
     <span class='ocr_line' id='line_1_11' title="bbox 245 1286 2788 1377; baseline -0.001 -21"><span class='ocrx_word' id='word_1_90' title='bbox 245 1288 586 1368; x_wconf 89' lang='lat' dir='ltr'><strong>videntur,</strong></span> <span class='ocrx_word' id='word_1_91' title='bbox 628 1288 743 1358; x_wconf 90' lang='lat' dir='ltr'><strong>sed</strong></span> <span class='ocrx_word' id='word_1_92' title='bbox 795 1288 1103 1377; x_wconf 87' lang='lat' dir='ltr'><strong>vigiliam</strong></span> <span class='ocrx_word' id='word_1_93' title='bbox 1154 1300 1218 1357; x_wconf 90' lang='lat' dir='ltr'><strong>et</strong></span> <span class='ocrx_word' id='word_1_94' title='bbox 1268 1287 1640 1368; x_wconf 89' lang='lat' dir='ltr'><strong>veritatem,</strong></span> <span class='ocrx_word' id='word_1_95' title='bbox 1688 1301 1751 1356; x_wconf 89' lang='lat' dir='ltr'><strong>et</strong></span> <span class='ocrx_word' id='word_1_96' title='bbox 1806 1287 2110 1356; x_wconf 89' lang='lat' dir='ltr'><strong>divinam</strong></span> <span class='ocrx_word' id='word_1_97' title='bbox 2171 1286 2547 1373; x_wconf 89' lang='lat' dir='ltr'><strong>quamdam</strong></span> <span class='ocrx_word' id='word_1_98' title='bbox 2601 1298 2788 1375; x_wconf 92' lang='lat' dir='ltr'><strong>pote-</strong></span> 
     </span>
     <span class='ocr_line' id='line_1_12' title="bbox 239 1374 2787 1466; baseline -0.002 -20"><span class='ocrx_word' id='word_1_99' title='bbox 239 1388 509 1456; x_wconf 87' lang='lat' dir='ltr'><strong>statem,</strong></span> <span class='ocrx_word' id='word_1_100' title='bbox 564 1376 803 1447; x_wconf 88' lang='lat' dir='ltr'><strong>mutati</strong></span> <span class='ocrx_word' id='word_1_101' title='bbox 857 1376 1453 1446; x_wconf 78' lang='lat' dir='ltr'><strong>exclamaverunt:</strong></span> <span class='ocrx_word' id='word_1_102' title='bbox 1510 1381 1861 1466; x_wconf 86' lang='lat' dir='ltr'><strong>«Magnus</strong></span> <span class='ocrx_word' id='word_1_103' title='bbox 1910 1381 2088 1446; x_wconf 89' lang='lat' dir='ltr'><strong>Deus</strong></span> <span class='ocrx_word' id='word_1_104' title='bbox 2136 1374 2709 1445; x_wconf 88' lang='lat' dir='ltr'><strong>Christianorum.</strong></span> <span class='ocrx_word' id='word_1_105' title='bbox 2753 1396 2787 1440; x_wconf 80' lang='lat'>»</span> 
     </span>
     <span class='ocr_line' id='line_1_13' title="bbox 242 1463 2788 1565; baseline -0 -32"><span class='ocrx_word' id='word_1_106' title='bbox 242 1465 561 1534; x_wconf 87' lang='lat' dir='ltr'><strong>Protinus</strong></span> <span class='ocrx_word' id='word_1_107' title='bbox 590 1486 753 1551; x_wconf 86' lang='lat' dir='ltr'><strong>ergo</strong></span> <span class='ocrx_word' id='word_1_108' title='bbox 784 1465 1026 1565; x_wconf 90' lang='lat' dir='ltr'><strong>procul</strong></span> <span class='ocrx_word' id='word_1_109' title='bbox 1076 1466 1358 1554; x_wconf 80' lang='lat' dir='ltr'><strong>abjectis</strong></span> <span class='ocrx_word' id='word_1_110' title='bbox 1407 1464 1546 1533; x_wconf 91' lang='lat' dir='ltr'><strong>illis</strong></span> <span class='ocrx_word' id='word_1_111' title='bbox 1579 1465 1867 1534; x_wconf 89' lang='lat' dir='ltr'><strong>ensibus</strong></span> <span class='ocrx_word' id='word_1_112' title='bbox 1901 1464 2344 1544; x_wconf 82' lang='lat' dir='ltr'><strong>militaribuS‚</strong></span> <span class='ocrx_word' id='word_1_113' title='bbox 2382 1463 2634 1551; x_wconf 83' lang='lat' dir='ltr'><strong>judicis</strong></span> <span class='ocrx_word' id='word_1_114' title='bbox 2661 1485 2788 1532; x_wconf 88' lang='lat' dir='ltr'><strong>au-</strong></span> 
     </span>
     <span class='ocr_line' id='line_1_14' title="bbox 241 1536 2787 1639; baseline -0.001 -17"><span class='ocrx_word' id='word_1_115' title='bbox 241 1566 375 1622; x_wconf 90' lang='lat' dir='ltr'><strong>tem</strong></span> <span class='ocrx_word' id='word_1_116' title='bbox 429 1554 597 1622; x_wconf 89' lang='lat' dir='ltr'><strong>iram</strong></span> <span class='ocrx_word' id='word_1_117' title='bbox 653 1553 853 1622; x_wconf 80' lang='lat' dir='ltr'><strong>nihili</strong></span> <span class='ocrx_word' id='word_1_118' title='bbox 903 1553 1251 1634; x_wconf 84' lang='lat' dir='ltr'><strong>facientes,</strong></span> <span class='ocrx_word' id='word_1_119' title='bbox 1278 1566 1343 1622; x_wconf 91' lang='lat' dir='ltr'><strong>et</strong></span> <span class='ocrx_word' id='word_1_120' title='bbox 1381 1553 1734 1623; x_wconf 89' lang='lat' dir='ltr'><strong>Praesides</strong></span> <span class='ocrx_word' id='word_1_121' title='bbox 1767 1552 2046 1639; x_wconf 88' lang='lat' dir='ltr'><strong>quidem</strong></span> <span class='ocrx_word' id='word_1_122' title='bbox 2077 1574 2155 1621; x_wconf 91' lang='lat' dir='ltr'><strong>ac</strong></span> <span class='ocrx_word' id='word_1_123' title='bbox 2185 1536 2564 1622; x_wconf 71' lang='lat' dir='ltr'><strong>Praefectos</strong></span> <span class='ocrx_word' id='word_1_124' title='bbox 2593 1551 2787 1621; x_wconf 91' lang='lat' dir='ltr'><strong>dam-</strong></span> 
     </span>
     <span class='ocr_line' id='line_1_15' title="bbox 239 1640 2786 1732; baseline -0 -22"><span class='ocrx_word' id='word_1_125' title='bbox 239 1653 522 1711; x_wconf 90' lang='lat' dir='ltr'><strong>nantes:</strong></span> <span class='ocrx_word' id='word_1_126' title='bbox 575 1641 986 1711; x_wconf 87' lang='lat' dir='ltr'><strong>damnantes</strong></span> <span class='ocrx_word' id='word_1_127' title='bbox 1033 1664 1190 1712; x_wconf 90' lang='lat' dir='ltr'><strong>vero</strong></span> <span class='ocrx_word' id='word_1_128' title='bbox 1238 1643 1442 1712; x_wconf 89' lang='lat' dir='ltr'><strong>etiam</strong></span> <span class='ocrx_word' id='word_1_129' title='bbox 1495 1643 1726 1732; x_wconf 91' lang='lat' dir='ltr'><strong>ipsum</strong></span> <span class='ocrx_word' id='word_1_130' title='bbox 1781 1647 2292 1732; x_wconf 87' lang='lat' dir='ltr'><strong>Imperatorem,</strong></span> <span class='ocrx_word' id='word_1_131' title='bbox 2337 1640 2786 1710; x_wconf 89' lang='lat' dir='ltr'><strong>crediderunt</strong></span> 
     </span>
     <span class='ocr_line' id='line_1_16' title="bbox 238 1730 2782 1820; baseline -0.002 -21"><span class='ocrx_word' id='word_1_132' title='bbox 238 1730 304 1799; x_wconf 90' lang='lat' dir='ltr'><strong>in</strong></span> <span class='ocrx_word' id='word_1_133' title='bbox 351 1731 720 1812; x_wconf 85' lang='lat' dir='ltr'><strong>Christum,</strong></span> <span class='ocrx_word' id='word_1_134' title='bbox 774 1744 840 1800; x_wconf 88' lang='lat' dir='ltr'><strong>et</strong></span> <span class='ocrx_word' id='word_1_135' title='bbox 887 1741 1274 1801; x_wconf 87' lang='lat' dir='ltr'><strong>statuerunt</strong></span> <span class='ocrx_word' id='word_1_136' title='bbox 1321 1730 1646 1820; x_wconf 91' lang='lat' dir='ltr'><strong>deinceps</strong></span> <span class='ocrx_word' id='word_1_137' title='bbox 1697 1752 1977 1799; x_wconf 89' lang='lat' dir='ltr'><strong>manere</strong></span> <span class='ocrx_word' id='word_1_138' title='bbox 2016 1730 2197 1819; x_wconf 90' lang='lat' dir='ltr'><strong>apud</strong></span> <span class='ocrx_word' id='word_1_139' title='bbox 2232 1742 2573 1799; x_wconf 89' lang='lat' dir='ltr'><strong>sanctum.</strong></span> <span class='ocrx_word' id='word_1_140' title='bbox 2610 1734 2782 1798; x_wconf 88' lang='lat' dir='ltr'><strong>Cum</strong></span> 
     </span>
     <span class='ocr_line' id='line_1_17' title="bbox 239 1816 2784 1910; baseline -0.001 -22"><span class='ocrx_word' id='word_1_141' title='bbox 239 1830 466 1888; x_wconf 89' lang='lat' dir='ltr'><strong>autem</strong></span> <span class='ocrx_word' id='word_1_142' title='bbox 520 1840 598 1888; x_wconf 88' lang='lat' dir='ltr'><strong>ex</strong></span> <span class='ocrx_word' id='word_1_143' title='bbox 639 1841 717 1888; x_wconf 90' lang='lat' dir='ltr'><strong>eo</strong></span> <span class='ocrx_word' id='word_1_144' title='bbox 764 1820 1163 1910; x_wconf 82' lang='lat' dir='ltr'><strong>contigisset</strong></span> <span class='ocrx_word' id='word_1_145' title='bbox 1210 1819 1475 1890; x_wconf 90' lang='lat' dir='ltr'><strong>diutius</strong></span> <span class='ocrx_word' id='word_1_146' title='bbox 1517 1818 1789 1887; x_wconf 86' lang='lat' dir='ltr'><strong>tardare</strong></span> <span class='ocrx_word' id='word_1_147' title='bbox 1840 1818 2127 1887; x_wconf 89' lang='lat' dir='ltr'><strong>milites:</strong></span> <span class='ocrx_word' id='word_1_148' title='bbox 2182 1816 2619 1888; x_wconf 87' lang='lat' dir='ltr'><strong>desiderabat</strong></span> <span class='ocrx_word' id='word_1_149' title='bbox 2659 1838 2784 1886; x_wconf 89' lang='lat' dir='ltr'><strong>au-</strong></span> 
     </span>
     <span class='ocr_line' id='line_1_18' title="bbox 240 1906 2787 1997; baseline -0.001 -20"><span class='ocrx_word' id='word_1_150' title='bbox 240 1921 373 1977; x_wconf 90' lang='lat' dir='ltr'><strong>tem</strong></span> <span class='ocrx_word' id='word_1_151' title='bbox 425 1907 664 1976; x_wconf 89' lang='lat' dir='ltr'><strong>civitas</strong></span> <span class='ocrx_word' id='word_1_152' title='bbox 695 1909 977 1995; x_wconf 89' lang='lat' dir='ltr'><strong>quidem</strong></span> <span class='ocrx_word' id='word_1_153' title='bbox 1020 1908 1247 1977; x_wconf 86' lang='lat' dir='ltr'><strong>videre</strong></span> <span class='ocrx_word' id='word_1_154' title='bbox 1278 1930 1530 1997; x_wconf 91' lang='lat' dir='ltr'><strong>corpus</strong></span> <span class='ocrx_word' id='word_1_155' title='bbox 1564 1907 1923 1978; x_wconf 86' lang='lat' dir='ltr'><strong>fortissimi</strong></span> <span class='ocrx_word' id='word_1_156' title='bbox 1973 1906 2308 1976; x_wconf 87' lang='lat' dir='ltr'><strong>athletae:</strong></span> <span class='ocrx_word' id='word_1_157' title='bbox 2363 1906 2594 1974; x_wconf 88' lang='lat' dir='ltr'><strong>videre</strong></span> <span class='ocrx_word' id='word_1_158' title='bbox 2629 1926 2787 1974; x_wconf 89' lang='lat' dir='ltr'><strong>vero</strong></span> 
     </span>
     <span class='ocr_line' id='line_1_19' title="bbox 237 1994 2783 2084; baseline -0.002 -19"><span class='ocrx_word' id='word_1_159' title='bbox 237 1996 467 2077; x_wconf 88' lang='lat' dir='ltr'><strong>etiam,</strong></span> <span class='ocrx_word' id='word_1_160' title='bbox 520 1995 685 2082; x_wconf 91' lang='lat' dir='ltr'><strong>quid</strong></span> <span class='ocrx_word' id='word_1_161' title='bbox 740 2009 918 2066; x_wconf 90' lang='lat' dir='ltr'><strong>esset</strong></span> <span class='ocrx_word' id='word_1_162' title='bbox 964 2010 1396 2077; x_wconf 91' lang='lat' dir='ltr'><strong>eventurum,</strong></span> <span class='ocrx_word' id='word_1_163' title='bbox 1459 1998 1683 2066; x_wconf 87' lang='lat' dir='ltr'><strong>stabat</strong></span> <span class='ocrx_word' id='word_1_164' title='bbox 1739 1996 2107 2076; x_wconf 88' lang='lat' dir='ltr'><strong>theatrum,</strong></span> <span class='ocrx_word' id='word_1_165' title='bbox 2170 1996 2502 2065; x_wconf 87' lang='lat' dir='ltr'><strong>adversus</strong></span> <span class='ocrx_word' id='word_1_166' title='bbox 2551 1994 2783 2084; x_wconf 88' lang='lat' dir='ltr'><strong>ipsum</strong></span> 
     </span>
     <span class='ocr_line' id='line_1_20' title="bbox 237 2083 2784 2174; baseline -0.001 -20"><span class='ocrx_word' id='word_1_167' title='bbox 237 2084 658 2168; x_wconf 84' lang='lat' dir='ltr'><strong>Praefectum</strong></span> <span class='ocrx_word' id='word_1_168' title='bbox 709 2097 773 2155; x_wconf 88' lang='lat' dir='ltr'><strong>et</strong></span> <span class='ocrx_word' id='word_1_169' title='bbox 820 2084 1073 2154; x_wconf 90' lang='lat' dir='ltr'><strong>milites</strong></span> <span class='ocrx_word' id='word_1_170' title='bbox 1124 2085 1499 2174; x_wconf 90' lang='lat' dir='ltr'><strong>indignans</strong></span> <span class='ocrx_word' id='word_1_171' title='bbox 1530 2095 1594 2153; x_wconf 89' lang='lat' dir='ltr'><strong>et</strong></span> <span class='ocrx_word' id='word_1_172' title='bbox 1626 2084 2082 2155; x_wconf 89' lang='lat' dir='ltr'><strong>tumultuans.</strong></span> <span class='ocrx_word' id='word_1_173' title='bbox 2138 2083 2528 2153; x_wconf 89' lang='lat' dir='ltr'><strong>Praefectus</strong></span> <span class='ocrx_word' id='word_1_174' title='bbox 2553 2093 2784 2152; x_wconf 90' lang='lat' dir='ltr'><strong>autem</strong></span> 
     </span>
     <span class='ocr_line' id='line_1_21' title="bbox 235 2171 2782 2274; baseline -0.001 -33"><span class='ocrx_word' id='word_1_175' title='bbox 235 2173 469 2242; x_wconf 87' lang='lat' dir='ltr'><strong>volens</strong></span> <span class='ocrx_word' id='word_1_176' title='bbox 496 2174 871 2263; x_wconf 80' lang='lat' dir='ltr'><strong>gratificari</strong></span> <span class='ocrx_word' id='word_1_177' title='bbox 900 2173 1178 2274; x_wconf 88' lang='lat' dir='ltr'><strong>populo,</strong></span> <span class='ocrx_word' id='word_1_178' title='bbox 1218 2185 1581 2274; x_wconf 83' lang='lat' dir='ltr'><strong>postquam</strong></span> <span class='ocrx_word' id='word_1_179' title='bbox 1605 2173 1925 2262; x_wconf 89' lang='lat' dir='ltr'><strong>cognovit</strong></span> <span class='ocrx_word' id='word_1_180' title='bbox 1959 2172 2130 2241; x_wconf 90' lang='lat' dir='ltr'><strong>nihil</strong></span> <span class='ocrx_word' id='word_1_181' title='bbox 2167 2172 2359 2242; x_wconf 87' lang='lat' dir='ltr'><strong>aliud</strong></span> <span class='ocrx_word' id='word_1_182' title='bbox 2393 2193 2565 2252; x_wconf 89' lang='lat' dir='ltr'><strong>esse,</strong></span> <span class='ocrx_word' id='word_1_183' title='bbox 2598 2171 2782 2259; x_wconf 92' lang='lat' dir='ltr'><strong>quod</strong></span> 
     </span>
     <span class='ocr_line' id='line_1_22' title="bbox 235 2259 2785 2349; baseline -0.001 -19"><span class='ocrx_word' id='word_1_184' title='bbox 235 2262 337 2331; x_wconf 92' lang='lat' dir='ltr'><strong>eis</strong></span> <span class='ocrx_word' id='word_1_185' title='bbox 362 2263 632 2331; x_wconf 82' lang='lat' dir='ltr'><strong>afferret</strong></span> <span class='ocrx_word' id='word_1_186' title='bbox 657 2262 1067 2344; x_wconf 80' lang='lat' dir='ltr'><strong>molestiam,</strong></span> <span class='ocrx_word' id='word_1_187' title='bbox 1105 2262 1238 2332; x_wconf 82' lang='lat' dir='ltr'><strong>nisi</strong></span> <span class='ocrx_word' id='word_1_188' title='bbox 1267 2262 1567 2331; x_wconf 78' lang='lat' dir='ltr'><strong>militum</strong></span> <span class='ocrx_word' id='word_1_189' title='bbox 1603 2283 1865 2331; x_wconf 88' lang='lat' dir='ltr'><strong>moram</strong></span> <span class='ocrx_word' id='word_1_190' title='bbox 1895 2261 2428 2340; x_wconf 90' lang='lat' dir='ltr'><strong>diuturniorem,</strong></span> <span class='ocrx_word' id='word_1_191' title='bbox 2457 2259 2785 2349; x_wconf 92' lang='lat' dir='ltr'><strong>pluribus</strong></span> 
     </span>
     <span class='ocr_line' id='line_1_23' title="bbox 237 2349 2783 2451; baseline -0.001 -33"><span class='ocrx_word' id='word_1_192' title='bbox 237 2351 393 2419; x_wconf 90' lang='lat' dir='ltr'><strong>aliis</strong></span> <span class='ocrx_word' id='word_1_193' title='bbox 445 2349 1002 2451; x_wconf 80' lang='lat' dir='ltr'><strong>diligentioribus</strong></span> <span class='ocrx_word' id='word_1_194' title='bbox 1053 2349 1392 2421; x_wconf 88' lang='lat' dir='ltr'><strong>militibus</strong></span> <span class='ocrx_word' id='word_1_195' title='bbox 1430 2349 1651 2439; x_wconf 86' lang='lat' dir='ltr'><strong>jubet,</strong></span> <span class='ocrx_word' id='word_1_196' title='bbox 1710 2360 1785 2418; x_wconf 89' lang='lat' dir='ltr'><strong>ut</strong></span> <span class='ocrx_word' id='word_1_197' title='bbox 1829 2350 2118 2419; x_wconf 81' lang='lat' dir='ltr'><strong>afferant</strong></span> <span class='ocrx_word' id='word_1_198' title='bbox 2168 2362 2560 2437; x_wconf 83' lang='lat' dir='ltr'><strong>martyrem.</strong></span> <span class='ocrx_word' id='word_1_199' title='bbox 2619 2352 2783 2418; x_wconf 88' lang='lat' dir='ltr'><strong>Cum</strong></span> 
     </span>
     <span class='ocr_line' id='line_1_24' title="bbox 235 2437 2784 2529; baseline -0.001 -21"><span class='ocrx_word' id='word_1_200' title='bbox 235 2450 462 2508; x_wconf 88' lang='lat' dir='ltr'><strong>autem</strong></span> <span class='ocrx_word' id='word_1_201' title='bbox 514 2439 752 2529; x_wconf 80' lang='lat' dir='ltr'><strong>illtipsi</strong></span> <span class='ocrx_word' id='word_1_202' title='bbox 794 2460 1068 2528; x_wconf 90' lang='lat' dir='ltr'><strong>quoque</strong></span> <span class='ocrx_word' id='word_1_203' title='bbox 1126 2440 1471 2509; x_wconf 89' lang='lat' dir='ltr'><strong>venissent</strong></span> <span class='ocrx_word' id='word_1_204' title='bbox 1521 2439 1588 2507; x_wconf 89' lang='lat' dir='ltr'><strong>in</strong></span> <span class='ocrx_word' id='word_1_205' title='bbox 1640 2460 2011 2519; x_wconf 80' lang='lat' dir='ltr'><strong>carcerem,</strong></span> <span class='ocrx_word' id='word_1_206' title='bbox 2064 2451 2130 2509; x_wconf 87' lang='lat' dir='ltr'><strong>et</strong></span> <span class='ocrx_word' id='word_1_207' title='bbox 2169 2437 2324 2508; x_wconf 90' lang='lat' dir='ltr'><strong>illas</strong></span> <span class='ocrx_word' id='word_1_208' title='bbox 2388 2459 2495 2508; x_wconf 88' lang='lat' dir='ltr'><strong>res</strong></span> <span class='ocrx_word' id='word_1_209' title='bbox 2542 2457 2784 2507; x_wconf 87' lang='lat' dir='ltr'><strong>omnes</strong></span> 
     </span>
     <span class='ocr_line' id='line_1_25' title="bbox 234 2526 2787 2618; baseline 0 -23"><span class='ocrx_word' id='word_1_210' title='bbox 234 2528 565 2596; x_wconf 88' lang='lat' dir='ltr'><strong>vidissent</strong></span> <span class='ocrx_word' id='word_1_211' title='bbox 611 2528 1099 2599; x_wconf 88' lang='lat' dir='ltr'><strong>admirabiles:</strong></span> <span class='ocrx_word' id='word_1_212' title='bbox 1153 2528 1765 2602; x_wconf 76' lang='lat' dir='ltr'><strong>audivissentvero</strong></span> <span class='ocrx_word' id='word_1_213' title='bbox 1817 2541 2186 2618; x_wconf 80' lang='lat' dir='ltr'><strong>martyrem</strong></span> <span class='ocrx_word' id='word_1_214' title='bbox 2237 2526 2675 2617; x_wconf 86' lang='lat' dir='ltr'><strong>apertissime</strong></span> <span class='ocrx_word' id='word_1_215' title='bbox 2722 2535 2787 2595; x_wconf 87' lang='lat' dir='ltr'><strong>et</strong></span> 
     </span>
     <span class='ocr_line' id='line_1_26' title="bbox 232 2613 2783 2706; baseline -0.001 -21"><span class='ocrx_word' id='word_1_216' title='bbox 232 2615 740 2706; x_wconf 84' lang='lat' dir='ltr'><strong>expeditissime</strong></span> <span class='ocrx_word' id='word_1_217' title='bbox 780 2617 1250 2697; x_wconf 89' lang='lat' dir='ltr'><strong>disserentem,</strong></span> <span class='ocrx_word' id='word_1_218' title='bbox 1294 2628 1358 2685; x_wconf 89' lang='lat' dir='ltr'><strong>et</strong></span> <span class='ocrx_word' id='word_1_219' title='bbox 1412 2616 1723 2705; x_wconf 83' lang='lat' dir='ltr'><strong>linguam</strong></span> <span class='ocrx_word' id='word_1_220' title='bbox 1781 2616 2031 2686; x_wconf 90' lang='lat' dir='ltr'><strong>diserte</strong></span> <span class='ocrx_word' id='word_1_221' title='bbox 2099 2628 2509 2686; x_wconf 88' lang='lat' dir='ltr'><strong>moventem:</strong></span> <span class='ocrx_word' id='word_1_222' title='bbox 2553 2613 2783 2706; x_wconf 89' lang='lat' dir='ltr'><strong>(Vide-</strong></span> 
     </span>
     <span class='ocr_line' id='line_1_27' title="bbox 233 2703 2787 2793; baseline -0.001 -20"><span class='ocrx_word' id='word_1_223' title='bbox 233 2716 396 2773; x_wconf 89' lang='lat' dir='ltr'><strong>runt</strong></span> <span class='ocrx_word' id='word_1_224' title='bbox 443 2714 669 2774; x_wconf 88' lang='lat' dir='ltr'><strong>autem</strong></span> <span class='ocrx_word' id='word_1_225' title='bbox 723 2705 975 2775; x_wconf 87' lang='lat' dir='ltr'><strong>milites</strong></span> <span class='ocrx_word' id='word_1_226' title='bbox 1023 2727 1298 2793; x_wconf 89' lang='lat' dir='ltr'><strong>quoque</strong></span> <span class='ocrx_word' id='word_1_227' title='bbox 1344 2705 1428 2787; x_wconf 91' lang='lat' dir='ltr'><strong>ei,</strong></span> <span class='ocrx_word' id='word_1_228' title='bbox 1468 2716 1798 2792; x_wconf 87' lang='lat' dir='ltr'><strong>tanquam</strong></span> <span class='ocrx_word' id='word_1_229' title='bbox 1829 2710 1960 2775; x_wconf 89' lang='lat' dir='ltr'><strong>Deo</strong></span> <span class='ocrx_word' id='word_1_230' title='bbox 1987 2705 2196 2775; x_wconf 90' lang='lat' dir='ltr'><strong>alicui</strong></span> <span class='ocrx_word' id='word_1_231' title='bbox 2239 2705 2553 2774; x_wconf 91' lang='lat' dir='ltr'><strong>animum</strong></span> <span class='ocrx_word' id='word_1_232' title='bbox 2589 2703 2787 2772; x_wconf 89' lang='lat' dir='ltr'><strong>adhi-</strong></span> 
     </span>
     <span class='ocr_line' id='line_1_28' title="bbox 233 2791 2779 2885; baseline -0.001 -23"><span class='ocrx_word' id='word_1_233' title='bbox 233 2792 533 2881; x_wconf 82' lang='lat' dir='ltr'><strong>benteS‚)</strong></span> <span class='ocrx_word' id='word_1_234' title='bbox 578 2792 1033 2863; x_wconf 90' lang='lat' dir='ltr'><strong>admiratione</strong></span> <span class='ocrx_word' id='word_1_235' title='bbox 1082 2794 1268 2884; x_wconf 91' lang='lat' dir='ltr'><strong>pleni</strong></span> <span class='ocrx_word' id='word_1_236' title='bbox 1329 2805 1394 2863; x_wconf 91' lang='lat' dir='ltr'><strong>et</strong></span> <span class='ocrx_word' id='word_1_237' title='bbox 1454 2792 1847 2884; x_wconf 88' lang='lat' dir='ltr'><strong>spectaculo</strong></span> <span class='ocrx_word' id='word_1_238' title='bbox 1915 2794 2414 2885; x_wconf 89' lang='lat' dir='ltr'><strong>propemodum</strong></span> <span class='ocrx_word' id='word_1_239' title='bbox 2468 2791 2779 2870; x_wconf 90' lang='lat' dir='ltr'><strong>resoluti,</strong></span> 
     </span>
     <span class='ocr_line' id='line_1_29' title="bbox 234 2882 2782 2983; baseline -0.001 -32"><span class='ocrx_word' id='word_1_240' title='bbox 234 2882 369 2971; x_wconf 89' lang='lat' dir='ltr'><strong>ipsi</strong></span> <span class='ocrx_word' id='word_1_241' title='bbox 415 2903 688 2968; x_wconf 92' lang='lat' dir='ltr'><strong>quoque</strong></span> <span class='ocrx_word' id='word_1_242' title='bbox 738 2882 967 2953; x_wconf 88' lang='lat' dir='ltr'><strong>statim</strong></span> <span class='ocrx_word' id='word_1_243' title='bbox 1001 2895 1470 2983; x_wconf 87' lang='lat' dir='ltr'><strong>cognoverunt</strong></span> <span class='ocrx_word' id='word_1_244' title='bbox 1519 2904 1661 2951; x_wconf 90' lang='lat' dir='ltr'><strong>rem</strong></span> <span class='ocrx_word' id='word_1_245' title='bbox 1711 2904 1860 2951; x_wconf 86' lang='lat' dir='ltr'><strong>esse</strong></span> <span class='ocrx_word' id='word_1_246' title='bbox 1908 2882 2183 2952; x_wconf 89' lang='lat' dir='ltr'><strong>divinae</strong></span> <span class='ocrx_word' id='word_1_247' title='bbox 2209 2882 2505 2962; x_wconf 82' lang='lat' dir='ltr'><strong>virtutiS,</strong></span> <span class='ocrx_word' id='word_1_248' title='bbox 2547 2892 2612 2949; x_wconf 89' lang='lat' dir='ltr'><strong>et</strong></span> <span class='ocrx_word' id='word_1_249' title='bbox 2647 2890 2782 2949; x_wconf 89' lang='lat' dir='ltr'><strong>toto</strong></span> 
     </span>
     <span class='ocr_line' id='line_1_30' title="bbox 232 2968 2785 3072; baseline -0.002 -32"><span class='ocrx_word' id='word_1_250' title='bbox 232 2970 468 3072; x_wconf 76' lang='lat' dir='ltr'><strong>animo</strong></span> <span class='ocrx_word' id='word_1_251' title='bbox 514 2970 979 3051; x_wconf 84' lang='lat' dir='ltr'><strong>crediderunt,</strong></span> <span class='ocrx_word' id='word_1_252' title='bbox 1040 2971 1206 3040; x_wconf 82' lang='lat' dir='ltr'><strong>nihil</strong></span> <span class='ocrx_word' id='word_1_253' title='bbox 1271 2971 1592 3041; x_wconf 86' lang='lat' dir='ltr'><strong>Praefecti</strong></span> <span class='ocrx_word' id='word_1_254' title='bbox 1649 2983 1973 3042; x_wconf 89' lang='lat' dir='ltr'><strong>curantes</strong></span> <span class='ocrx_word' id='word_1_255' title='bbox 2025 2982 2448 3061; x_wconf 88' lang='lat' dir='ltr'><strong>potestatem,</strong></span> <span class='ocrx_word' id='word_1_256' title='bbox 2504 2981 2569 3038; x_wconf 89' lang='lat' dir='ltr'><strong>et</strong></span> <span class='ocrx_word' id='word_1_257' title='bbox 2626 2968 2785 3037; x_wconf 90' lang='lat' dir='ltr'><strong>reli-</strong></span> 
     </span>
     <span class='ocr_line' id='line_1_31' title="bbox 232 3072 905 3146; baseline -0.001 -17"><span class='ocrx_word' id='word_1_258' title='bbox 232 3081 393 3146; x_wconf 82' lang='lat' dir='ltr'><strong>quis</strong></span> <span class='ocrx_word' id='word_1_259' title='bbox 441 3072 905 3131; x_wconf 88' lang='lat' dir='ltr'><strong>accesserunt.</strong></span> 
     </span>
    </p>

    <p class='ocr_par' dir='ltr' id='par_1_3' title="bbox 227 3147 2792 4565">
     <span class='ocr_line' id='line_1_32' title="bbox 320 3147 2779 3239; baseline -0.003 -18"><span class='ocrx_word' id='word_1_260' title='bbox 320 3151 355 3233; x_wconf 67' lang='grc' dir='ltr'>ἓ</span> <span class='ocrx_word' id='word_1_261' title='bbox 419 3152 551 3221; x_wconf 59' lang='lat'><strong>12.</strong></span> <span class='ocrx_word' id='word_1_262' title='bbox 609 3153 900 3218; x_wconf 89' lang='lat' dir='ltr'><strong>Sanctus</strong></span> <span class='ocrx_word' id='word_1_263' title='bbox 954 3171 1110 3217; x_wconf 90' lang='lat' dir='ltr'><strong>vero</strong></span> <span class='ocrx_word' id='word_1_264' title='bbox 1149 3161 1516 3239; x_wconf 87' lang='lat' dir='ltr'><strong>postquam</strong></span> <span class='ocrx_word' id='word_1_265' title='bbox 1568 3147 1832 3217; x_wconf 85' lang='lat' dir='ltr'><strong>audivit</strong></span> <span class='ocrx_word' id='word_1_266' title='bbox 1887 3170 1925 3216; x_wconf 89' lang='lat' dir='ltr'><strong>a</strong></span> <span class='ocrx_word' id='word_1_267' title='bbox 1978 3147 2342 3227; x_wconf 80' lang='lat' dir='ltr'><strong>militibus,</strong></span> <span class='ocrx_word' id='word_1_268' title='bbox 2368 3147 2534 3235; x_wconf 67' lang='lat' dir='ltr'><strong>jam‘</strong></span> <span class='ocrx_word' id='word_1_269' title='bbox 2570 3156 2779 3215; x_wconf 90' lang='lat' dir='ltr'><strong>totam</strong></span> 
     </span>
     <span class='ocr_line' id='line_1_33' title="bbox 230 3235 2784 3327; baseline -0 -23"><span class='ocrx_word' id='word_1_270' title='bbox 230 3235 469 3306; x_wconf 88' lang='lat' dir='ltr'><strong>adesse</strong></span> <span class='ocrx_word' id='word_1_271' title='bbox 516 3237 896 3317; x_wconf 89' lang='lat' dir='ltr'><strong>civitatem,</strong></span> <span class='ocrx_word' id='word_1_272' title='bbox 972 3237 1570 3327; x_wconf 87' lang='lat' dir='ltr'><strong>magnifacientem</strong></span> <span class='ocrx_word' id='word_1_273' title='bbox 1624 3259 1781 3306; x_wconf 86' lang='lat' dir='ltr'><strong>eum</strong></span> <span class='ocrx_word' id='word_1_274' title='bbox 1837 3236 2115 3316; x_wconf 88' lang='lat' dir='ltr'><strong>videre,</strong></span> <span class='ocrx_word' id='word_1_275' title='bbox 2176 3250 2242 3305; x_wconf 90' lang='lat' dir='ltr'><strong>et</strong></span> <span class='ocrx_word' id='word_1_276' title='bbox 2306 3246 2582 3326; x_wconf 89' lang='lat' dir='ltr'><strong>paratos</strong></span> <span class='ocrx_word' id='word_1_277' title='bbox 2631 3256 2784 3305; x_wconf 85' lang='lat' dir='ltr'><strong>esse</strong></span> 
     </span>
     <span class='ocr_line' id='line_1_34' title="bbox 228 3326 2778 3412; baseline -0.001 -18"><span class='ocrx_word' id='word_1_278' title='bbox 228 3345 469 3394; x_wconf 88' lang='lat' dir='ltr'><strong>omnes</strong></span> <span class='ocrx_word' id='word_1_279' title='bbox 517 3326 792 3395; x_wconf 89' lang='lat' dir='ltr'><strong>credere</strong></span> <span class='ocrx_word' id='word_1_280' title='bbox 843 3326 1030 3395; x_wconf 90' lang='lat' dir='ltr'><strong>illius</strong></span> <span class='ocrx_word' id='word_1_281' title='bbox 1085 3332 1234 3406; x_wconf 79' lang='lat' dir='ltr'><strong>Deo,</strong></span> <span class='ocrx_word' id='word_1_282' title='bbox 1289 3327 1371 3406; x_wconf 92' lang='lat' dir='ltr'><strong>si,</strong></span> <span class='ocrx_word' id='word_1_283' title='bbox 1425 3348 1602 3412; x_wconf 87' lang='lat' dir='ltr'><strong>quae</strong></span> <span class='ocrx_word' id='word_1_284' title='bbox 1649 3327 1718 3393; x_wconf 87' lang='lat' dir='ltr'><strong>in</strong></span> <span class='ocrx_word' id='word_1_285' title='bbox 1771 3347 1928 3394; x_wconf 92' lang='lat' dir='ltr'><strong>eum</strong></span> <span class='ocrx_word' id='word_1_286' title='bbox 1981 3326 2160 3394; x_wconf 89' lang='lat' dir='ltr'><strong>facta</strong></span> <span class='ocrx_word' id='word_1_287' title='bbox 2227 3336 2432 3404; x_wconf 87' lang='lat' dir='ltr'><strong>sunt,</strong></span> <span class='ocrx_word' id='word_1_288' title='bbox 2505 3333 2778 3392; x_wconf 89' lang='lat' dir='ltr'><strong>tantum</strong></span> 
     </span>
     <span class='ocr_line' id='line_1_35' title="bbox 227 3410 2775 3504; baseline -0.002 -23"><span class='ocrx_word' id='word_1_289' title='bbox 227 3413 523 3483; x_wconf 90' lang='lat' dir='ltr'><strong>viderint</strong></span> <span class='ocrx_word' id='word_1_290' title='bbox 573 3415 951 3484; x_wconf 88' lang='lat' dir='ltr'><strong>miracula:</strong></span> <span class='ocrx_word' id='word_1_291' title='bbox 997 3413 1166 3482; x_wconf 89' lang='lat' dir='ltr'><strong>nihil</strong></span> <span class='ocrx_word' id='word_1_292' title='bbox 1219 3426 1586 3483; x_wconf 88' lang='lat' dir='ltr'><strong>cunctatus</strong></span> <span class='ocrx_word' id='word_1_293' title='bbox 1616 3413 1992 3504; x_wconf 84' lang='lat' dir='ltr'><strong>egreditur,</strong></span> <span class='ocrx_word' id='word_1_294' title='bbox 2033 3414 2299 3482; x_wconf 88' lang='lat' dir='ltr'><strong>habens</strong></span> <span class='ocrx_word' id='word_1_295' title='bbox 2322 3412 2526 3482; x_wconf 89' lang='lat' dir='ltr'><strong>etiam</strong></span> <span class='ocrx_word' id='word_1_296' title='bbox 2566 3410 2775 3482; x_wconf 88' lang='lat' dir='ltr'><strong>simul</strong></span> 
     </span>
     <span class='ocr_line' id='line_1_36' title="bbox 227 3499 2784 3572; baseline -0.002 -1"><span class='ocrx_word' id='word_1_297' title='bbox 227 3523 389 3571; x_wconf 92' lang='lat' dir='ltr'><strong>cum</strong></span> <span class='ocrx_word' id='word_1_298' title='bbox 437 3524 516 3571; x_wconf 91' lang='lat' dir='ltr'><strong>eo</strong></span> <span class='ocrx_word' id='word_1_299' title='bbox 564 3504 833 3572; x_wconf 88' lang='lat' dir='ltr'><strong>futuros</strong></span> <span class='ocrx_word' id='word_1_300' title='bbox 885 3501 1158 3571; x_wconf 79' lang='lat' dir='ltr'><strong>milites,</strong></span> <span class='ocrx_word' id='word_1_301' title='bbox 1215 3508 1378 3571; x_wconf 89' lang='lat' dir='ltr'><strong>Cum</strong></span> <span class='ocrx_word' id='word_1_302' title='bbox 1432 3516 1660 3572; x_wconf 89' lang='lat' dir='ltr'><strong>autem</strong></span> <span class='ocrx_word' id='word_1_303' title='bbox 1713 3523 1871 3571; x_wconf 92' lang='lat' dir='ltr'><strong>eum</strong></span> <span class='ocrx_word' id='word_1_304' title='bbox 1927 3502 2013 3570; x_wconf 88' lang='lat' dir='ltr'><strong>ad</strong></span> <span class='ocrx_word' id='word_1_305' title='bbox 2068 3503 2408 3572; x_wconf 88' lang='lat' dir='ltr'><strong>theatrum</strong></span> <span class='ocrx_word' id='word_1_306' title='bbox 2452 3499 2784 3569; x_wconf 90' lang='lat' dir='ltr'><strong>acceden-</strong></span> 
     </span>
     <span class='ocr_line' id='line_1_37' title="bbox 236 3587 2783 3690; baseline -0.001 -30"><span class='ocrx_word' id='word_1_307' title='bbox 236 3601 366 3660; x_wconf 90' lang='lat' dir='ltr'><strong>tem</strong></span> <span class='ocrx_word' id='word_1_308' title='bbox 404 3590 572 3662; x_wconf 90' lang='lat' dir='ltr'><strong>vidit</strong></span> <span class='ocrx_word' id='word_1_309' title='bbox 610 3590 911 3681; x_wconf 89' lang='lat' dir='ltr'><strong>populus</strong></span> <span class='ocrx_word' id='word_1_310' title='bbox 951 3590 1120 3659; x_wconf 87' lang='lat' dir='ltr'><strong>adeo</strong></span> <span class='ocrx_word' id='word_1_311' title='bbox 1170 3611 1417 3660; x_wconf 89' lang='lat' dir='ltr'><strong>sanum</strong></span> <span class='ocrx_word' id='word_1_312' title='bbox 1470 3603 1535 3660; x_wconf 89' lang='lat' dir='ltr'><strong>et</strong></span> <span class='ocrx_word' id='word_1_313' title='bbox 1582 3592 1955 3690; x_wconf 82' lang='lat' dir='ltr'><strong>integrum,</strong></span> <span class='ocrx_word' id='word_1_314' title='bbox 2009 3602 2213 3678; x_wconf 90' lang='lat' dir='ltr'><strong>atque</strong></span> <span class='ocrx_word' id='word_1_315' title='bbox 2262 3589 2317 3659; x_wconf 89' lang='lat' dir='ltr'><strong>si</strong></span> <span class='ocrx_word' id='word_1_316' title='bbox 2370 3587 2542 3657; x_wconf 91' lang='lat' dir='ltr'><strong>nihil</strong></span> <span class='ocrx_word' id='word_1_317' title='bbox 2586 3608 2783 3679; x_wconf 88' lang='lat' dir='ltr'><strong>aspe-</strong></span> 
     </span>
     <span class='ocr_line' id='line_1_38' title="bbox 234 3679 2788 3768; baseline -0.001 -21"><span class='ocrx_word' id='word_1_318' title='bbox 234 3701 387 3748; x_wconf 90' lang='lat' dir='ltr'><strong>rum</strong></span> <span class='ocrx_word' id='word_1_319' title='bbox 440 3691 504 3748; x_wconf 92' lang='lat' dir='ltr'><strong>et</strong></span> <span class='ocrx_word' id='word_1_320' title='bbox 544 3679 908 3751; x_wconf 90' lang='lat' dir='ltr'><strong>molestum</strong></span> <span class='ocrx_word' id='word_1_321' title='bbox 960 3691 1138 3750; x_wconf 88' lang='lat' dir='ltr'><strong>esset</strong></span> <span class='ocrx_word' id='word_1_322' title='bbox 1190 3701 1477 3768; x_wconf 89' lang='lat' dir='ltr'><strong>passus:</strong></span> <span class='ocrx_word' id='word_1_323' title='bbox 1533 3679 1798 3748; x_wconf 79' lang='lat' dir='ltr'><strong>audivit</strong></span> <span class='ocrx_word' id='word_1_324' title='bbox 1846 3701 2001 3749; x_wconf 91' lang='lat' dir='ltr'><strong>vero</strong></span> <span class='ocrx_word' id='word_1_325' title='bbox 2027 3702 2184 3749; x_wconf 92' lang='lat' dir='ltr'><strong>eum</strong></span> <span class='ocrx_word' id='word_1_326' title='bbox 2218 3699 2495 3766; x_wconf 90' lang='lat' dir='ltr'><strong>quoque</strong></span> <span class='ocrx_word' id='word_1_327' title='bbox 2533 3698 2788 3747; x_wconf 90' lang='lat' dir='ltr'><strong>canen-</strong></span> 
     </span>
     <span class='ocr_line' id='line_1_39' title="bbox 232 3767 2781 3847; baseline -0.001 -11"><span class='ocrx_word' id='word_1_328' title='bbox 232 3780 411 3836; x_wconf 92' lang='lat' dir='ltr'><strong>tem:</strong></span> <span class='ocrx_word' id='word_1_329' title='bbox 468 3767 537 3836; x_wconf 91' lang='lat' dir='ltr'><strong>Si</strong></span> <span class='ocrx_word' id='word_1_330' title='bbox 584 3767 1017 3838; x_wconf 88' lang='lat' dir='ltr'><strong>constiterint</strong></span> <span class='ocrx_word' id='word_1_331' title='bbox 1062 3767 1395 3837; x_wconf 86' lang='lat' dir='ltr'><strong>adversus</strong></span> <span class='ocrx_word' id='word_1_332' title='bbox 1448 3790 1554 3837; x_wconf 91' lang='lat' dir='ltr'><strong>me</strong></span> <span class='ocrx_word' id='word_1_333' title='bbox 1602 3780 1851 3847; x_wconf 88' lang='lat' dir='ltr'><strong>castra,</strong></span> <span class='ocrx_word' id='word_1_334' title='bbox 1892 3789 2026 3837; x_wconf 90' lang='lat' dir='ltr'><strong>non</strong></span> <span class='ocrx_word' id='word_1_335' title='bbox 2081 3768 2348 3837; x_wconf 89' lang='lat' dir='ltr'><strong>timebit</strong></span> <span class='ocrx_word' id='word_1_336' title='bbox 2375 3788 2494 3836; x_wconf 90' lang='lat' dir='ltr'><strong>cor</strong></span> <span class='ocrx_word' id='word_1_337' title='bbox 2527 3787 2781 3835; x_wconf 91' lang='lat' dir='ltr'><strong>meum:</strong></span> 
     </span>
     <span class='ocr_line' id='line_1_40' title="bbox 228 3854 2786 3946; baseline -0.001 -22"><span class='ocrx_word' id='word_1_338' title='bbox 228 3854 632 3925; x_wconf 85' lang='lat' dir='ltr'><strong>simulatum</strong></span> <span class='ocrx_word' id='word_1_339' title='bbox 695 3868 760 3924; x_wconf 91' lang='lat' dir='ltr'><strong>et</strong></span> <span class='ocrx_word' id='word_1_340' title='bbox 808 3855 1162 3926; x_wconf 89' lang='lat' dir='ltr'><strong>scenicum</strong></span> <span class='ocrx_word' id='word_1_341' title='bbox 1213 3856 1586 3942; x_wconf 86' lang='lat' dir='ltr'><strong>quemdam</strong></span> <span class='ocrx_word' id='word_1_342' title='bbox 1637 3878 1788 3924; x_wconf 87' lang='lat' dir='ltr'><strong>esse</strong></span> <span class='ocrx_word' id='word_1_343' title='bbox 1837 3869 2068 3925; x_wconf 90' lang='lat' dir='ltr'><strong>actum</strong></span> <span class='ocrx_word' id='word_1_344' title='bbox 2120 3855 2661 3946; x_wconf 88' lang='lat' dir='ltr'><strong>suspicabantur</strong></span> <span class='ocrx_word' id='word_1_345' title='bbox 2707 3875 2786 3922; x_wconf 88' lang='lat' dir='ltr'><strong>ea</strong></span> 
     </span>
     <span class='ocr_line' id='line_1_41' title="bbox 227 3942 2783 4030; baseline 0 -19"><span class='ocrx_word' id='word_1_346' title='bbox 227 3965 404 4030; x_wconf 90' lang='lat' dir='ltr'><strong>quae</strong></span> <span class='ocrx_word' id='word_1_347' title='bbox 454 3943 885 4013; x_wconf 86' lang='lat' dir='ltr'><strong>videbantur.</strong></span> <span class='ocrx_word' id='word_1_348' title='bbox 944 3949 1308 4030; x_wconf 89' lang='lat' dir='ltr'><strong>Postquam</strong></span> <span class='ocrx_word' id='word_1_349' title='bbox 1362 3956 1592 4012; x_wconf 83' lang='lat' dir='ltr'><strong>autem</strong></span> <span class='ocrx_word' id='word_1_350' title='bbox 1629 3945 1976 4013; x_wconf 90' lang='lat' dir='ltr'><strong>curiosius</strong></span> <span class='ocrx_word' id='word_1_351' title='bbox 2023 3944 2263 4014; x_wconf 91' lang='lat' dir='ltr'><strong>oculos</strong></span> <span class='ocrx_word' id='word_1_352' title='bbox 2311 3942 2783 4021; x_wconf 79' lang='lat' dir='ltr'><strong>con’icienteS‚</strong></span> 
     </span>
     <span class='ocr_line' id='line_1_42' title="bbox 228 4030 2792 4122; baseline -0.002 -22"><span class='ocrx_word' id='word_1_353' title='bbox 228 4043 662 4121; x_wconf 89' lang='lat' dir='ltr'><strong>agnoverunt</strong></span> <span class='ocrx_word' id='word_1_354' title='bbox 710 4032 907 4101; x_wconf 91' lang='lat' dir='ltr'><strong>illum</strong></span> <span class='ocrx_word' id='word_1_355' title='bbox 959 4054 1109 4102; x_wconf 86' lang='lat' dir='ltr'><strong>esse</strong></span> <span class='ocrx_word' id='word_1_356' title='bbox 1141 4036 1431 4113; x_wconf 88' lang='lat' dir='ltr'><strong>Menam,</strong></span> <span class='ocrx_word' id='word_1_357' title='bbox 1471 4032 1692 4103; x_wconf 89' lang='lat' dir='ltr'><strong>oculis</strong></span> <span class='ocrx_word' id='word_1_358' title='bbox 1735 4032 2103 4112; x_wconf 89' lang='lat' dir='ltr'><strong>videntem,</strong></span> <span class='ocrx_word' id='word_1_359' title='bbox 2142 4045 2204 4101; x_wconf 92' lang='lat' dir='ltr'><strong>et</strong></span> <span class='ocrx_word' id='word_1_360' title='bbox 2236 4031 2431 4122; x_wconf 85' lang='lat' dir='ltr'><strong>lingu</strong></span> <span class='ocrx_word' id='word_1_361' title='bbox 2506 4030 2792 4117; x_wconf 87' lang='lat' dir='ltr'><strong>loquen-</strong></span> 
     </span>
     <span class='ocr_line' id='line_1_43' title="bbox 232 4119 2791 4221; baseline -0.001 -32"><span class='ocrx_word' id='word_1_362' title='bbox 232 4134 393 4200; x_wconf 90' lang='lat' dir='ltr'><strong>tem,</strong></span> <span class='ocrx_word' id='word_1_363' title='bbox 432 4133 497 4189; x_wconf 89' lang='lat' dir='ltr'><strong>et</strong></span> <span class='ocrx_word' id='word_1_364' title='bbox 548 4120 1045 4209; x_wconf 88' lang='lat' dir='ltr'><strong>ingredientem</strong></span> <span class='ocrx_word' id='word_1_365' title='bbox 1098 4119 1418 4221; x_wconf 79' lang='lat' dir='ltr'><strong>pedibuS,</strong></span> <span class='ocrx_word' id='word_1_366' title='bbox 1478 4120 1705 4189; x_wconf 88' lang='lat' dir='ltr'><strong>statim</strong></span> <span class='ocrx_word' id='word_1_367' title='bbox 1756 4142 1997 4189; x_wconf 89' lang='lat' dir='ltr'><strong>omnes</strong></span> <span class='ocrx_word' id='word_1_368' title='bbox 2047 4142 2187 4188; x_wconf 89' lang='lat' dir='ltr'><strong>una</strong></span> <span class='ocrx_word' id='word_1_369' title='bbox 2236 4141 2431 4189; x_wconf 91' lang='lat' dir='ltr'><strong>voce:</strong></span> <span class='ocrx_word' id='word_1_370' title='bbox 2488 4143 2525 4185; x_wconf 85' lang='lat'>«</span> <span class='ocrx_word' id='word_1_371' title='bbox 2574 4119 2791 4187; x_wconf 86' lang='lat' dir='ltr'><strong>Fortis</strong></span> 
     </span>
     <span class='ocr_line' id='line_1_44' title="bbox 234 4207 2790 4299; baseline -0.001 -22"><span class='ocrx_word' id='word_1_372' title='bbox 234 4209 396 4299; x_wconf 68' lang='lat' dir='ltr'><strong>tuit„</strong></span> <span class='ocrx_word' id='word_1_373' title='bbox 424 4209 766 4289; x_wconf 87' lang='lat' dir='ltr'><strong>dixerunt,</strong></span> <span class='ocrx_word' id='word_1_374' title='bbox 807 4207 999 4277; x_wconf 91' lang='lat' dir='ltr'><strong>fortis</strong></span> <span class='ocrx_word' id='word_1_375' title='bbox 1025 4210 1155 4277; x_wconf 82' lang='lat' dir='ltr'><strong>fuit</strong></span> <span class='ocrx_word' id='word_1_376' title='bbox 1187 4208 1433 4279; x_wconf 80' lang='lat' dir='ltr'><strong>Christi</strong></span> <span class='ocrx_word' id='word_1_377' title='bbox 1467 4208 1710 4289; x_wconf 81' lang='lat' dir='ltr'><strong>virtuS‚</strong></span> <span class='ocrx_word' id='word_1_378' title='bbox 1745 4209 1946 4278; x_wconf 91' lang='lat' dir='ltr'><strong>etiam</strong></span> <span class='ocrx_word' id='word_1_379' title='bbox 1982 4208 2315 4278; x_wconf 89' lang='lat' dir='ltr'><strong>adversus</strong></span> <span class='ocrx_word' id='word_1_380' title='bbox 2348 4209 2572 4299; x_wconf 89' lang='lat' dir='ltr'><strong>ipsam</strong></span> <span class='ocrx_word' id='word_1_381' title='bbox 2608 4229 2790 4276; x_wconf 88' lang='lat' dir='ltr'><strong>mor-</strong></span> 
     </span>
     <span class='ocr_line' id='line_1_45' title="bbox 234 4295 2788 4388; baseline -0 -23"><span class='ocrx_word' id='word_1_382' title='bbox 234 4308 393 4365; x_wconf 90' lang='lat' dir='ltr'><strong>tem.</strong></span> <span class='ocrx_word' id='word_1_383' title='bbox 474 4297 653 4366; x_wconf 81' lang='lat' dir='ltr'><strong>Felix</strong></span> <span class='ocrx_word' id='word_1_384' title='bbox 737 4296 979 4366; x_wconf 90' lang='lat' dir='ltr'><strong>civitas</strong></span> <span class='ocrx_word' id='word_1_385' title='bbox 1053 4297 1509 4366; x_wconf 80' lang='lat' dir='ltr'><strong>Alexandrina</strong></span> <span class='ocrx_word' id='word_1_386' title='bbox 1571 4320 1750 4384; x_wconf 90' lang='lat' dir='ltr'><strong>quae</strong></span> <span class='ocrx_word' id='word_1_387' title='bbox 1820 4319 1942 4388; x_wconf 89' lang='lat' dir='ltr'><strong>per</strong></span> <span class='ocrx_word' id='word_1_388' title='bbox 2012 4318 2238 4367; x_wconf 91' lang='lat' dir='ltr'><strong>unum</strong></span> <span class='ocrx_word' id='word_1_389' title='bbox 2307 4298 2494 4367; x_wconf 87' lang='lat' dir='ltr'><strong>hunc</strong></span> <span class='ocrx_word' id='word_1_390' title='bbox 2563 4295 2788 4365; x_wconf 91' lang='lat' dir='ltr'><strong>virum</strong></span> 
     </span>
     <span class='ocr_line' id='line_1_46' title="bbox 229 4384 2788 4476; baseline 0 -23"><span class='ocrx_word' id='word_1_391' title='bbox 229 4385 434 4455; x_wconf 89' lang='lat' dir='ltr'><strong>hodie</strong></span> <span class='ocrx_word' id='word_1_392' title='bbox 507 4397 765 4455; x_wconf 88' lang='lat' dir='ltr'><strong>tantam</strong></span> <span class='ocrx_word' id='word_1_393' title='bbox 836 4384 1147 4455; x_wconf 78' lang='lat' dir='ltr'><strong>fraudem</strong></span> <span class='ocrx_word' id='word_1_394' title='bbox 1212 4385 1687 4476; x_wconf 89' lang='lat' dir='ltr'><strong>deprehendit,</strong></span> <span class='ocrx_word' id='word_1_395' title='bbox 1748 4397 1814 4456; x_wconf 89' lang='lat' dir='ltr'><strong>et</strong></span> <span class='ocrx_word' id='word_1_396' title='bbox 1879 4385 2168 4475; x_wconf 88' lang='lat' dir='ltr'><strong>pulchre</strong></span> <span class='ocrx_word' id='word_1_397' title='bbox 2225 4385 2468 4455; x_wconf 90' lang='lat' dir='ltr'><strong>didicit</strong></span> <span class='ocrx_word' id='word_1_398' title='bbox 2544 4384 2788 4453; x_wconf 87' lang='lat' dir='ltr'><strong>verita-</strong></span> 
     </span>
     <span class='ocr_line' id='line_1_47' title="bbox 229 4474 2777 4565; baseline -0.002 -22"><span class='ocrx_word' id='word_1_399' title='bbox 229 4487 389 4543; x_wconf 88' lang='lat' dir='ltr'><strong>tem.</strong></span> <span class='ocrx_word' id='word_1_400' title='bbox 431 4475 541 4544; x_wconf 89' lang='lat' dir='ltr'><strong>Dei</strong></span> <span class='ocrx_word' id='word_1_401' title='bbox 603 4475 821 4545; x_wconf 78' lang='lat' dir='ltr'><strong>sollus</strong></span> <span class='ocrx_word' id='word_1_402' title='bbox 895 4475 1064 4544; x_wconf 87' lang='lat' dir='ltr'><strong>citra</strong></span> <span class='ocrx_word' id='word_1_403' title='bbox 1120 4476 1654 4546; x_wconf 87' lang='lat' dir='ltr'><strong>controversiam</strong></span> <span class='ocrx_word' id='word_1_404' title='bbox 1705 4487 1806 4545; x_wconf 89' lang='lat' dir='ltr'><strong>est</strong></span> <span class='ocrx_word' id='word_1_405' title='bbox 1856 4474 2022 4544; x_wconf 89' lang='lat' dir='ltr'><strong>haec</strong></span> <span class='ocrx_word' id='word_1_406' title='bbox 2079 4487 2374 4565; x_wconf 88' lang='lat' dir='ltr'><strong>potestas</strong></span> <span class='ocrx_word' id='word_1_407' title='bbox 2423 4485 2488 4543; x_wconf 90' lang='lat' dir='ltr'><strong>et</strong></span> <span class='ocrx_word' id='word_1_408' title='bbox 2539 4474 2777 4542; x_wconf 77' lang='lat' dir='ltr'><strong>virtus,</strong></span> 
     </span>
    </p>
   </div>
  </div>
 </body>
</html>
