3327 4999
181 319 387 385 MART.
439 322 479 384 6
1059 342 1137 387 nr
1185 342 1244 388 s.
1296 340 1531 389 comm
1581 342 1749 389 vinc.
2511 326 2596 391 59

180 421 292 492 nisi
329 444 572 512 parum
627 423 696 492 in
749 426 1163 495 monasterio
1212 438 1392 497 esset
1435 426 1600 507 vini,
1655 428 1943 517 ejusque
1989 425 2188 498 valde
2225 425 2415 508 mali,
2469 426 2564 497 ita
2610 440 2688 499 ut

175 532 465 581 nauseam
517 513 795 584 afferret
842 515 1327 672 gustantibus,
1378 515 1589 605 jussit
1649 516 1874 586 Coleta
1921 536 2172 608 parum
2221 515 2487 604 aliquid
2536 516 2688 606 ejus

176 599 289 668 vini
333 600 397 670 in
449 602 731 672 vasculo
779 602 837 672 si
894 603 915 671 i
962 604 1363 694 apportari:
1417 617 1485 673 et
1529 627 1689 674 cum
1742 605 2021 695 signum
2071 604 2308 675 Crucis
2356 605 2688 696 pinxisset

174 709 395 771 manu,
470 689 688 760 foetor
743 691 971 761 omnis
1024 705 1094 761 et
1159 693 1509 783 corruptio
1569 693 1739 763 abiit
1800 717 1938 764 non
1987 693 2211 766 solum
2260 716 2299 762 e
2349 716 2504 767 vase
2549 694 2686 785 ipsi

168 778 381 859 oblato,
435 780 556 850 sed
605 780 814 849 etiam
871 802 951 850 ex
997 781 1221 862 dolio,
1277 782 1465 852 unde
1511 781 1687 851 illud
1737 783 2103 873 impletum
2143 781 2410 854 fuerat:
2462 783 2559 853 ita
2606 795 2686 855 ut

168 869 704 955 quotiescumque
750 870 991 939 vinum
1057 870 1220 940 inde
1283 883 1714 960 promeretur
1767 871 1853 942 ad
1917 893 2185 942 sorores
2241 872 2673 954 reficiendaS,

167 968 293 1024 ante
336 978 613 1026 mensae
650 958 1199 1029 benedictionem
1247 960 1427 1030 male
1471 959 1682 1031 oleret
1728 972 1793 1029 et
1840 961 1977 1030 insi
2032 960 2225 1029 idum
2273 972 2475 1043 esset,
2529 973 2683 1053 post

161 1064 285 1113 eam
331 1068 484 1115 vero
534 1045 600 1114 vi
648 1047 831 1138 signi
880 1060 1155 1127 sanctae
1204 1050 1437 1119 Crucis
1483 1062 1547 1119 et
1595 1062 1872 1140 gratum
1920 1072 1961 1121 o
2013 1071 2228 1131 orem,
2283 1061 2349 1120 et
2396 1072 2680 1120 suavem

164 1131 536 1204 bibentibus
584 1150 870 1223 gustum
931 1136 1301 1207 exhiberet.

230 1224 464 1379 5110.
520 1225 693 1293 Mira
754 1248 919 1295 sane
965 1226 1320 1296 devotione
1366 1240 1431 1296 et
1490 1226 1754 1317 ingenti
1809 1227 2188 1296 reverentia
2243 1225 2680 1298 afficiebatur

157 1312 352 1381 Cocta
397 1313 590 1404 virgo
640 1335 803 1405 erga
852 1316 1522 1405 praestantissimum
1574 1315 2045 1386 Eucharistiae
2106 1331 2664 1398 sacramentum;

157 1419 351 1486 neque
396 1402 461 1469 id
514 1401 804 1472 mirum.
878 1404 1044 1474 Inde
1106 1403 1292 1473 enim
1364 1404 1685 1475 hauritur
1729 1403 1960 1475 omnis
2007 1403 2543 1495 contemplatio,
2605 1405 2677 1474 in

154 1486 257 1557 illo
298 1491 637 1580 reperitur
684 1491 1067 1582 spiritualis
1097 1492 1496 1576 consolatio,
1538 1493 1634 1564 ibi
1669 1493 1970 1564 suaviter
2004 1494 2184 1585 sapit
2234 1492 2502 1564 fervens
2531 1516 2679 1565 me-

157 1576 386 1662 ditatio,
442 1602 563 1670 per
615 1580 792 1649 illud
853 1580 1149 1652 donatur
1194 1594 1469 1652 aeterna
1518 1582 1892 1653 beatitudo.
1960 1588 2199 1670 Itaque
2248 1582 2678 1669 ubicumque

156 1679 343 1747 esset,
393 1669 707 1755 quotidie
758 1668 1033 1739 Missam
1082 1671 1153 1739 in
1201 1694 1340 1758 qua
1387 1672 1635 1742 Christi
1685 1693 1943 1762 corpus
1992 1682 2459 1753 consecratur,
2513 1694 2678 1742 cum

159 1755 365 1827 multis
412 1758 551 1828 lacr
584 1758 745 1827 ·mis
792 1758 1229 1829 devotissime
1268 1760 1615 1832 audiebat:
1653 1773 1720 1830 et
1747 1772 1826 1830 ut
1857 1781 2008 1830 eam
2038 1761 2283 1851 majori
2312 1760 2533 1830 animi
2557 1761 2678 1830 de-

166 1844 390 1941 votione
431 1870 521 1916 au
577 1848 733 1927 iret,
790 1869 1283 1938 saepenumero
1332 1849 1826 1920 conscientiam
1876 1871 2077 1918 suam
2113 1849 2364 1919 humili
2414 1849 2679 1919 confes-

174 1950 332 2001 sione
388 1936 838 2027 expurgabat.
914 1942 1081 2006 Cum
1150 1950 1379 2007 autem
1441 1937 1527 2008 ob
1577 1960 1686 2009 res
1735 1937 2160 2008 necessarias
2205 1938 2678 2008 conficiendas

174 2031 332 2087 extra
370 2025 859 2095 monasterium
922 2025 1242 2117 degeret,
1295 2048 1455 2096 cum
1512 2027 1800 2097 caeteris
1846 2026 2126 2114 quidem
2188 2027 2467 2117 publice
2521 2049 2674 2097 eam

177 2107 464 2180 audiebat:
494 2114 678 2184 alias
711 2114 1029 2204 privatim
1077 2128 1142 2186 et
1191 2126 1468 2196 secrete,
1504 2116 1856 2185 neminem
1891 2125 2036 2185 turn
2073 2115 2445 2185 admittens
2473 2138 2674 2205 prae-

180 2204 268 2294 ter
297 2202 728 2274 sacrificantis
779 2202 1198 2285 ministrum,
1237 2226 1321 2273 ne
1369 2203 1703 2273 divinitus
1735 2204 1797 2272 ei
1828 2203 2076 2273 collata
2107 2203 2287 2273 dona
2318 2204 2667 2295 specialia,

171 2281 299 2383 alus
335 2287 484 2362 forte
530 2293 1068 2362 innotescerent.
1109 2298 1199 2362 De
1233 2292 1455 2383 ipsius
1501 2305 1733 2362 autem
1786 2292 2209 2362 Sacramenti
2242 2292 2665 2375 excellentia,

170 2387 392 2459 virtute,
427 2381 856 2451 sublimitate
901 2394 967 2450 et
1016 2382 1519 2472 magnitudine,
1574 2381 1659 2450 de
1701 2380 1956 2451 ‚christi
2003 2381 2071 2450 in
2122 2402 2202 2450 eo
2250 2381 2663 2471 praesentia,

163 2472 217 2530 et
264 2465 336 2535 de
378 2470 728 2560 mysteriis
776 2470 958 2571 ejus,
1026 2481 1164 2540 tam
1214 2469 1656 2572 perspicuam
1707 2468 1953 2541 habuit
2000 2469 2372 2552 notionem,
2426 2482 2503 2542 ut
2550 2470 2672 2558 qui

169 2551 420 2650 aderant,
472 2570 665 2629 certo
714 2560 1184 2630 existimarent
1230 2561 1572 2632 Christum
1628 2559 1692 2628 ei
1743 2581 1815 2628 re
1862 2581 2020 2629 vera
2066 2561 2400 2649 apparere
2448 2560 2672 2629 forma

170 2637 348 2728 ahqua
396 2647 529 2738 ipsi
584 2647 714 2718 soli
767 2650 946 2717 nota.
986 2653 1139 2718 Post
1169 2649 1348 2718 hanc
1381 2663 1610 2718 autem
1652 2648 2121 2719 adorationem
2167 2648 2661 2728 Eucharistiae,

165 2732 516 2828 saepissime
568 2738 951 2827 permansit
995 2736 1212 2806 divini
1254 2738 1508 2810 amoris
1540 2759 1830 2807 accensa
1877 2737 2203 2818 flammiS,
2246 2737 2517 2807 sublata
2552 2759 2670 2808 su·-

158 2816 400 2892 bhmius
446 2826 517 2894 in
570 2825 848 2916 spiritu,
893 2832 1163 2914 Deoque
1211 2826 1501 2917 perfecte
1547 2826 1941 2916 conjuncta,
1979 2826 2075 2895 ita
2102 2839 2180 2895 ut
2218 2825 2350 2896 sibi
2401 2826 2669 2895 videre-

160 2918 247 2976 tur
286 2924 411 2981 tota
459 2913 950 2985 transformata
994 2915 1066 2983 in
1118 2921 1355 2995 Deum,
1392 2927 1459 2985 et
1492 2937 1706 3005 supra
1737 2928 2054 2986 naturam
2087 2930 2306 3006 rapta,
2345 2914 2668 2987 sensibus

158 3002 463 3086 corporeis
510 3003 723 3093 plane
769 3004 1203 3075 cessantibus
1268 3005 1353 3074 ab
1401 3004 1650 3075 officiis
1697 3004 1865 3075 suis.
1946 3089 1958 3105 ⁶

228 3087 260 3172 ἓ
301 3094 437 3163 41.
514 3098 661 3162 Non
726 3114 880 3163 raro
936 3104 1165 3162 autem
1219 3093 1349 3164 sub
1397 3093 1528 3163 hac
1577 3091 2047 3162 Eucharistlae
2092 3092 2468 3162 elevatione
2516 3114 2671 3184 per-

156 3175 360 3260 spicue
403 3182 727 3251 cernebat
775 3182 949 3272 ejus
1001 3182 1122 3268 qui
1169 3181 1462 3253 faciebat
1510 3182 1956 3262 sacrificium,
2010 3182 2502 3251 conscientiam
2536 3236 2551 3262 ,
2602 3192 2669 3251 et

154 3281 265 3358 quo
306 3266 375 3336 in
414 3282 600 3339 statu
649 3270 764 3339 ille
809 3282 1010 3341 esset.
1064 3275 1142 3340 At
1188 3284 1415 3342 tamen
1459 3292 1544 3341 ne
1591 3270 2049 3361 proderentur
2095 3269 2253 3342 aliis
2298 3270 2479 3340 dona
2518 3271 2659 3352 Dei,

156 3353 263 3448 lpsi
318 3358 709 3445 specialiter
752 3359 1026 3441 collata,
1078 3360 1257 3430 clam
1306 3372 1371 3429 et
1418 3360 1795 3451 prudenter
1847 3359 2199 3429 indicabat
2245 3357 2666 3429 sacrificanti

154 3441 287 3534 yitia
328 3446 501 3532 ejus,
538 3460 614 3517 ut
642 3470 721 3517 ea
752 3449 1144 3541 corrigeret,
1200 3471 1486 3541 prorsus
1534 3449 1827 3520 reticens
1877 3447 2185 3530 modum,
2230 3470 2367 3535 quo
2413 3470 2492 3517 ea
2530 3448 2668 3539 ipsi

157 3545 583 3606 innotuerant.
638 3537 893 3607 Habuit
937 3549 1168 3608 autem
1220 3539 1348 3608 hoc
1394 3559 1476 3607 ex
1526 3536 1811 3628 speciali
1860 3536 1977 3606 Dei
2025 3537 2268 3628 gratia,
2322 3548 2398 3606 ut
2445 3558 2665 3624 quan·

157 3620 378 3691 tumvis
421 3623 613 3694 brevi
669 3627 889 3717 spatio
937 3626 1369 3697 Eucharistia
1415 3626 1477 3695 ei
1524 3626 2022 3707 ostenderetur,
2089 3647 2473 3713 numquam
2535 3624 2667 3697 esi-

158 3713 273 3776 tare
336 3714 672 3801 potuerit,
722 3715 893 3802 quin
970 3715 1113 3784 illic
1159 3737 1397 3785 verum
1446 3725 1624 3785 esset
1669 3736 1925 3804 corpus
1974 3713 2271 3794 Christi,
2323 3713 2666 3804 planeque

156 3812 562 3890 cognosceret
598 3803 751 3893 ejus
791 3804 1370 3895 magnitudinem,
1474 3804 1922 3874 raestantiam
1962 3816 2028 3873 et
2075 3824 2301 3872 veram
2346 3824 2668 3893 praesen-

160 3889 340 3954 tiam:
391 3892 761 3980 statimque
819 3893 994 3963 illud
1064 3916 1224 3964 cum
1291 3916 1411 3963 mu
1447 3893 1531 3964 tis
1591 3892 1920 3982 lacrymis
1966 3903 2033 3961 et
2077 3890 2453 3991 gemitibus
2499 3892 2667 3962 ado-

161 3987 327 4044 raret.
376 3981 526 4050 Fuit
571 3981 945 4068 aliquando
994 3981 1064 4052 in
1115 3981 1555 4062 monasterio,
1613 3981 1744 4051 sito
1791 3980 1861 4049 in
1912 4001 1993 4049 ea
2041 4001 2338 4071 regmae,
2374 4002 2512 4068 qua
2560 4003 2667 4053 so-

166 4052 276 4130 lent
311 4067 624 4141 usitatius
672 4070 908 4142 album
944 4094 1152 4159 quam
1188 4070 1479 4141 rubrum
1514 4070 1756 4140 vinum
1792 4068 2131 4139 sacrificio
2160 4067 2513 4140 adhibere.
2558 4069 2668 4140 Ibi

168 4154 283 4244 Qun
348 4158 760 4229 sacrificanti
826 4160 1167 4232 sacerdoti
1228 4157 1478 4230 obtulit
1537 4157 1852 4228 minister
1897 4179 2176 4246 aquam,
2213 4170 2467 4249 putans
2514 4180 2667 4229 esse

171 4250 392 4312 thum.
443 4247 731 4330 Quando
778 4259 1004 4318 autem
1055 4260 1334 4319 ventum
1384 4258 1488 4317 est
1531 4246 1619 4316 ad
1668 4246 2139 4329 elevationem,
2207 4251 2466 4338 Corpus
2510 4246 2666 4335 qui-

175 4317 292 4394 dem
356 4333 596 4407 Christi
666 4336 976 4407 adoravit
1024 4337 1269 4418 Coleta,
1334 4338 1456 4420 ea,
1508 4357 1646 4424 qua
1703 4335 2015 4417 solebat,
2068 4336 2444 4405 reverentia
2481 4390 2498 4417 ‚
2562 4334 2665 4405 la-

182 4427 524 4502 el'ymarum
570 4437 638 4497 et
684 4425 1149 4517 suspiriorum
1214 4424 1440 4517 copia.
1495 4429 1665 4497 Cum
1729 4437 1960 4498 autem
2008 4424 2188 4495 calix
2232 4425 2613 4495 elevaretur
2639 4476 2659 4507 ,
