3327 4999
690 287 820 354 640
1429 305 1508 355 nn
1554 306 1611 353 s.
1663 301 1955 353 anneto
2000 290 2316 354 EPISCOPO‘
2443 322 2444 325 =
2662 284 2766 350 EX
2811 232 3035 353 ἐΕΡΤ.
3091 286 3132 351 3

602 384 864 467 reddat,
915 384 1036 456 sed
1083 382 1297 475 duplo
1345 383 1505 475 plus
1532 384 1738 455 etiam
1768 383 1960 455 addit
1990 383 2075 454 de
2108 406 2259 468 suu,
2291 395 2362 456 at
2399 393 2627 455 tamen
2670 383 2898 472 quoad
2930 382 3124 465 vixit,

601 496 727 545 nec
785 472 1097 566 capillos,
1142 493 1267 543 nec
1312 473 1601 545 barbam
1647 474 2100 566 recuperavit.

692 565 730 651 ξ
775 568 864 637 ὅ.
929 562 1119 633 Alius
1165 560 1448 650 quidam
1497 564 1778 645 arietem
1827 576 2096 634 voverat
2142 573 2378 634 sancto
2424 562 2592 645 viro,
2634 563 2919 653 jamque
2965 584 3132 633 eum

599 652 894 723 ducebat
938 651 1023 722 ad
1070 651 1220 742 ejus
1257 650 1643 722 ecclesiam.
1685 652 1811 723 Ubi
1845 665 2073 723 autem
2113 651 2183 722 in
2235 651 2630 723 monasterii
2676 664 3130 743 conspectum

599 741 806 825 venit,
857 752 1158 812 tentante
1200 762 1360 815 eum
1410 746 1674 825 satana,
1709 752 1930 814 mutat
1957 740 2398 825 sententiam,
2433 753 2862 830 mactatoque
2887 745 3126 822 ariete,

599 853 681 902 ea
725 841 922 902 nocte
966 829 1237 923 egregie
1264 829 1608 922 epulatur,
1647 843 1994 920 totamque
2040 830 2372 923 pecudem
2420 852 2581 901 cum
2631 831 2775 903 suis
2819 830 3123 902 devorat.

600 920 729 991 Sed
778 941 916 990 non
962 919 1287 990 dormitat
1330 919 1643 993 coelestis
1690 920 2012 991 vindicta.
2065 926 2232 993 Nam
2293 921 2544 991 misero
2591 920 2696 991 illi
2740 943 2818 991 os
2863 934 2930 991 et
2974 918 3129 992 vul-

600 1021 711 1081 tus
756 1007 896 1099 lere
939 1008 1027 1080 ad
1073 1031 1276 1081 aures
1320 1022 1821 1098 retorquentur,
1860 1009 2115 1099 talique
2162 1008 2590 1080 deformitate
2636 1009 2943 1093 affectuS,
2987 1009 3131 1080 cla·

598 1109 742 1169 mat
778 1121 852 1170 se
897 1098 1033 1259 yegti
1085 1119 1305 1170 reum:
1357 1098 1594 1189 sicque
1640 1098 2027 1184 discedens,
2078 1120 2215 1169 non
2267 1098 2465 1191 prius
2523 1121 2604 1170 eo
2662 1098 2824 1170 vitio
2872 1099 3120 1182 caruit,

644 1210 805 1259 uam
854 1199 948 1259 vit
1000 1244 1014 1258 .
1265 1212 1273 1223 ²

596 1211 640 1278 q
684 1281 722 1367 ξ
768 1280 861 1349 6.
914 1284 1080 1348 Ante
1109 1277 1238 1348 hoc
1268 1266 1629 1348 biennium
1678 1276 2063 1370 Lungulfus
2108 1276 2394 1367 quidam
2445 1290 2725 1371 rogatus
2756 1302 2796 1348 a
2830 1277 3126 1369 conjuge

596 1390 727 1439 sua
769 1366 1173 1459 gravissime
1219 1367 1697 1451 decumbente,
1749 1380 1826 1439 ut
1872 1366 2124 1440 fibulas
2182 1378 2541 1459 argenteas
2599 1367 2685 1438 ad
2744 1366 3128 1439 beatissimi

595 1457 922 1529 antistitis
968 1456 1196 1528 locum
1246 1455 1556 1538 deferret,
1593 1468 1658 1527 et
1698 1479 1820 1548 pro
1867 1456 2139 1527 animae
2184 1456 2408 1548 ipsius
2445 1456 2664 1529 salute
2695 1467 3117 1560 precaretur:

595 1547 914 1639 promisit
944 1546 1224 1635 quidem
1260 1569 1331 1617 se
1363 1545 1732 1630 facturum,
1769 1545 1953 1636 quod
1988 1556 2274 1638 peteret:
2310 1546 2428 1618 sed
2463 1557 2614 1706 post
2660 1569 2808 1638 ejus
2855 1545 3142 1635 obitum,

601 1635 927 1739 promissi
955 1636 1343 1718 immemor,
1377 1635 1610 1707 divino
1651 1636 1892 1708 timore
1938 1648 2003 1706 et
2049 1657 2282 1706 amore
2312 1648 2464 1728 post
2518 1636 2723 1718 abite,
2758 1658 2836 1706 ar
2884 1647 3125 1706 entum

598 1748 671 1796 m
721 1747 883 1797 suos
911 1725 1241 1797 convertit
1287 1747 1483 1796 usus.
1534 1730 1697 1795 Eam
1749 1726 2197 1797 temeritatem
2238 1747 2376 1796 non
2425 1725 2647 1797 ferens
2693 1748 2814 1796 occ
2895 1737 3126 1795 torum

597 1815 908 1917 cognitor
938 1820 1139 1899 Deus,
1193 1813 1535 1907 perfidum
1572 1814 1774 1886 illum
1824 1837 1938 1886 sex
1985 1814 2332 1886 mensium
2376 1816 2697 1886 caecitate
2742 1813 3126 1885 damnavit.

599 1903 1118 1978 Sciscitantibus
1148 1903 1480 1996 cognatis,
1514 1904 1702 1975 unde
1729 1904 1834 1976 illi
1863 1916 2000 1976 tam
2028 1904 2384 1997 repentina
2412 1904 2774 1977 accidisset
2799 1903 3119 1985 caecitaS,

597 1991 939 2085 suspicari
987 2015 1059 2067 se
1104 1992 1270 2064 dicit
1316 1993 1402 2065 ob
1448 2005 1813 2085 argentum
1860 1993 2101 2065 fraude
2146 2005 2484 2065 retentum
2512 2049 2528 2078 ,
2579 2015 2731 2064 eam
2780 1994 2916 2065 sibi
2969 2014 3126 2063 eve-

597 2083 806 2156 nisse.
859 2088 1234 2155 Hortantur
1278 2104 1438 2175 ergo
1481 2105 1670 2169 eum,
1712 2096 1791 2156 ut
1826 2095 2142 2177 praestet,
2244 2083 2384 2154 uod
2444 2083 2638 2154 uxori
2686 2082 3118 2175 promiserat.

598 2177 793 2244 Paret
831 2171 987 2256 ille,
1038 2183 1104 2244 et
1148 2174 1435 2265 prbpere
1487 2172 1574 2243 ad
1635 2173 2129 2245 monasterium
2185 2197 2226 2243 a
2277 2172 2464 2255 iens,
2525 2172 2773 2244 fatetur
2842 2171 3123 2264 culpam

599 2284 824 2345 suam,
876 2274 942 2333 et
988 2262 1307 2365 conjugis
1342 2262 1544 2354 jussa
1586 2263 1966 2351 exequitur.
2034 2262 2287 2333 Deinde
2347 2275 2542 2334 nocte
2588 2264 2725 2333 tota
2770 2283 2977 2333 orans
3033 2261 3118 2330 ad

600 2350 998 2443 sepulcrum
1040 2352 1219 2423 beati
1259 2351 1409 2435 viri,
1443 2351 1574 2422 sub
1611 2374 1936 2424 auroram
1982 2352 2189 2423 sentit
2232 2352 2467 2423 lumen
2516 2351 2649 2439 sibi
2698 2350 3117 2422 restitutum.

684 2443 722 2530 ξ
765 2444 844 2516 ⁸2.
898 2446 977 2512 In
1026 2440 1189 2513 villa
1235 2441 1394 2534 pagi
1443 2440 1925 2527 Fulminensis,
1990 2464 2200 2531 quam
2250 2447 2540 2513 Marram
2589 2452 2858 2525 vocant,
2909 2461 3121 2530 quae·

598 2552 734 2619 que
770 2530 842 2601 in
874 2531 1202 2606 ecclesiae
1250 2532 1645 2602 monasterii
1687 2532 1899 2604 nostri
1939 2532 2164 2603 dotem
2202 2532 2430 2615 cessit,
2485 2554 2705 2624 nuper
2752 2530 2901 2601 indi
2951 2551 3127 2600 enae

597 2620 971 2692 oratorium
1049 2620 1342 2693 condere
1404 2621 1873 2693 instituerunt.
1952 2621 2208 2693 Habuit
2271 2644 2353 2692 ea
2415 2632 2765 2692 structura
2826 2642 2904 2690 ce
2933 2642 3124 2690 erem

598 2732 1070 2803 progressum:
1107 2709 1466 2782 eratenim
1515 2709 1766 2802 lignea.
1811 2710 2067 2783 Deinde
2113 2721 2358 2804 rogant
2400 2711 2800 2793 antistitem,
2853 2722 2928 2781 ut
2953 2730 3124 2779 con-

599 2811 817 2871 secret
862 2799 1125 2882 aedem,
1180 2823 1341 2871 cum
1391 2799 1588 2892 prius
1622 2823 1660 2870 e
1706 2800 2118 2872 monasterio
2170 2800 2496 2889 reliquias
2546 2804 2610 2871 S.
2663 2798 2991 2881 Remacli,
3042 2809 3127 2869 ut

597 2889 751 2980 ejus
797 2889 1063 2960 nomini
1111 2887 1444 2981 templum
1492 2888 1861 2973 dicaretur,
1927 2889 2281 2982 petiissent
2333 2901 2400 2960 et
2444 2889 2905 2979 accepissent,
2947 2910 3128 2977 quas

598 2979 804 3049 etiam
853 2983 902 3049 E
956 2979 1234 3070 iscopus
1279 2990 1661 3050 reverenter
1705 2991 2094 3081 opportuno
2141 2978 2289 3051 loco
2320 2979 2645 3070 reposuit.
2676 2977 2969 3070 Expletis
2994 3000 3128 3070 au-

596 3076 734 3137 tem
780 3001 1037 3159 vigiliis
1081 3078 1148 3139 et
1191 3067 1477 3140 caeteris
1522 3067 1939 3145 dedicationi
1961 3068 2525 3161 congruentibuS,
2559 3069 2682 3140 ubi
2711 3082 2987 3139 ventum
3021 3079 3129 3137 est

597 3155 684 3225 ad
733 3155 946 3228 altare
993 3156 1357 3249 tegendum
1384 3212 1400 3241 ,
1454 3158 1817 3230 Grimuara
1862 3169 2178 3230 matrona
2230 3157 2661 3242 venerabilis,
2706 3157 2998 3228 linteum
3025 3154 3129 3227 of-

597 3245 725 3316 fert
769 3245 1083 3330 antistiti,
1134 3269 1272 3336 quo
1318 3247 1530 3319 altare
1575 3247 1978 3340 operiretur,
2031 3247 2239 3337 idque
2300 3248 2431 3320 sub
2478 3247 2978 3328 testificatione,
3037 3267 3128 3316 ne

596 3356 908 3424 unquam
957 3336 1095 3407 nisi
1139 3335 1414 3409 lotionis
1461 3342 1674 3409 causa
1721 3338 1885 3411 inde
1929 3349 2380 3409 amoveretur:
2431 3339 2634 3429 cujus
2679 3337 2959 3408 lotionis
2996 3335 3130 3406 mi-

599 3424 959 3497 nisterium
1012 3425 1143 3498 sibi
1191 3425 1509 3498 relictum
1554 3427 1792 3512 voluit,
1844 3428 2131 3500 credens
2177 3427 2311 3500 sibi
2358 3427 2823 3520 profuturum,
2860 3425 2919 3496 si
2947 3424 3124 3527 quid

595 3513 809 3586 officii
845 3515 1300 3675 lpraestitisset
1346 3529 1583 3589 sancto
1621 3516 2025 3590 confessori.
2058 3522 2201 3590 Non
2241 3516 2367 3588 diu
2395 3528 2547 3610 post
2576 3513 3126 3590 sanctimonialis

595 3625 774 3693 quae
817 3603 838 3673 i
897 3604 961 3677 ic
1006 3627 1081 3677 se
1127 3605 1533 3678 servituram
1566 3606 1944 3691 devoverat,
1996 3606 2208 3677 obllta
2259 3606 2590 3699 propositi
2639 3606 2771 3688 sui,
2808 3627 2890 3676 ea
2936 3602 3123 3697 palla

594 3692 699 3764 vel
752 3693 959 3767 linteo
1018 3695 1106 3766 ab
1167 3694 1367 3767 altari
1414 3695 1687 3768 sublato
1734 3710 1944 3790 caput
2105 3695 2202 3778 it,
2267 3705 2336 3766 et
2379 3696 2564 3778 abit,
2614 3694 2956 3766 diabolico
3017 3693 3125 3762 in-

597 3782 882 3855 stinctui
929 3784 1382 3857 satisfactura.
1437 3785 1565 3857 Sed
1612 3785 1969 3859 confestim
2005 3809 2045 3856 a
2094 3796 2196 3858 est
2241 3783 2451 3856 ultio:
2506 3806 2808 3873 namque
2834 3783 3126 3855 domum

597 3893 866 3945 reversa
891 3927 907 3957 ,
960 3874 1292 3947 daemone
1337 3896 1488 3947 eam
1535 3877 1942 3969 exagitante,
1996 3896 2244 3964 aquam
2294 3872 2591 3963 calidam
2643 3886 2870 3967 parat,
2908 3875 2985 3942 ea
3085 3894 3126 3942 e

597 3974 812 4054 caput
854 3962 1169 4050 abluens,
1224 3963 1571 4057 praedicto
1617 3965 1824 4038 linteo
1872 3987 1944 4038 se
1989 3965 2211 4056 tergit.
2249 3964 2501 4037 Eodem
2560 3975 2905 4034 momento
2950 3984 2989 4031 a
3039 3982 3125 4032 eo

597 4051 835 4144 capilli
880 4075 1120 4127 omnes
1165 4078 1208 4127 a
1252 4055 1476 4147 capite
1512 4054 1853 4138 defluunt,
1905 4065 1983 4126 ut
2030 4076 2156 4126 nec
2199 4053 2563 4146 vestigium
2612 4073 2849 4124 eorum
2893 4049 3124 4122 ullum

594 4155 977 4234 appareret.
1020 4150 1123 4215 Ita
1166 4167 1343 4234 quae
1391 4144 1699 4216 alienum
1756 4143 1891 4216 sibi
1937 4158 2206 4245 praeter
2242 4142 2346 4229 fas
2377 4144 2687 4215 velamen
2721 4150 3118 4241 usurparat,

593 4232 908 4304 naturale
944 4234 1189 4327 capitis
1236 4246 1712 4327 tegumentum
1760 4233 2082 4325 perdidit.
2135 4238 2283 4304 Huc
2331 4231 2621 4303 accessit
2667 4231 2875 4303 totius
2919 4250 3118 4320 capi-

595 4321 686 4392 tis
732 4322 1042 4414 pruritus
1067 4377 1091 4407 ,
1146 4334 1212 4394 et
1275 4346 1529 4416 magna
1594 4323 2077 4417 pediculorum
2137 4322 2257 4394 viS.
2340 4321 2639 4393 Tandem
2704 4343 2744 4391 a
2789 4317 3126 4390 fratribus

565 4397 994 4485 *monasterii
1053 4424 1321 4485 oratum
1394 4426 1496 4487 est
1565 4436 1689 4507 pro
1759 4412 1880 4486 illa
1909 4469 1926 4497 ,
1990 4411 2264 4487 facinus
2323 4431 2554 4485 suum·
2595 4419 3004 4503 agnoscente
3056 4419 3130 4478 et
