3327 4999
686 320 816 385 400
1221 337 1300 382 nn
1349 336 1404 383 s.
1458 332 1823 384 cumanam
1871 334 2071 382 muse.
2124 333 2527 383 mvmsuau.
2769 316 3019 382 MART.
3077 318 3170 383 20

604 418 1028 487 inducamur
1073 416 1145 485 in
1197 416 1713 485 tentationem.»
1762 420 1838 484 At
1887 415 1990 483 illi
2038 437 2145 484 res
2199 415 2570 484 onderunt:
2624 416 3165 495 «ObsecramuS,

606 506 810 575 hodie
861 506 1112 574 laetum
1180 526 1473 595 agamus
1519 504 1704 572 diem
1763 504 1927 590 quia
1987 517 2144 572 nata
2174 526 2210 572 e
2257 516 2359 572 est
2421 504 2693 572 Domini
2734 504 2952 572 nostri
2997 509 3176 573 Jesu

609 594 881 664 Christi.
922 617 957 659 »
1008 598 1086 662 Et
1132 614 1304 681 ego:
1359 615 1395 659 «
1428 593 1559 671 Sic,
1612 593 1939 679 inquam,
1993 591 2355 661 faciamus,
2441 596 2747 678 Cumque
2796 603 2950 682 post
2998 592 3176 661 haec

609 681 1047 769 aliquamdiu
1094 681 1352 770 epulis,
1418 680 1820 749 exultationi
1869 702 1948 749 ac
2009 679 2263 749 sabulis
2320 679 2867 769 indulgeremus,
2922 702 3176 750 rursus

609 771 982 840 admonere
1030 769 1251 857 coepi,
1296 781 1372 837 ut
1407 769 1657 838 soliciti
1705 769 2156 838 existeremus
2203 769 2272 835 in
2325 769 2754 837 orationibus
2800 782 2866 837 et
2913 768 3179 858 vigiliis

607 871 812 945 atque
861 857 945 926 ad
982 879 1223 927 omnes
1273 858 1728 925 tentationum
1770 857 2098 927 incursus
2142 856 2429 945 parati.»
2485 861 2562 924 Et
2611 857 2736 936 illi,
2789 862 3029 937 eBene,
3070 857 3178 925 iu-

610 948 891 1033 quiunt,
944 959 1009 1014 et
1056 946 1312 1034 optime
1346 945 1583 1013 doces:
1639 945 1757 1014 sed
1809 956 2036 1013 tamen
2080 945 2239 1031 quia
2277 944 2637 1013 abundant
2683 944 2830 1013 dies
2868 944 3180 1035 jejunio-

614 1056 799 1115 rum,
855 1034 1186 1103 orationis
1233 1044 1298 1102 et
1331 1033 1752 1123 vigiliarum,
1795 1033 2002 1101 hodie
2031 1033 2461 1122 gaudeamus
2501 1033 2569 1100 in
2622 1033 2933 1109 Domino.
3005 1038 3176 1103 Nam

617 1136 683 1193 et
716 1122 1032 1211 angelus,
1090 1134 1412 1190 nascente
1462 1121 1773 1202 Domino,
1827 1121 2338 1211 evangelizabat
2384 1121 2777 1210 pastoribus
2835 1121 3175 1211 gaudium

619 1232 954 1299 magnum
1002 1209 1187 1295 quod
1264 1221 1441 1280 esset
1487 1210 1678 1277 omni
1717 1209 1973 1299 populo
2021 1208 2590 1277 celebrandum.»
2613 1214 2690 1277 Et
2718 1230 2878 1298 ego:
2913 1214 3170 1290 «Bene,

615 1300 929 1384 inquam,
984 1298 1323 1367 faciamus
1355 1299 1525 1366 sic.»
1564 1299 1690 1366 Sed
1749 1319 1910 1366 cum
1960 1297 2404 1453 epulantibus
2455 1297 2654 1366 nobis
2700 1310 2766 1365 et
2811 1296 2996 1365 diem
3034 1298 3179 1367 lae-

617 1401 765 1456 tum
823 1387 1263 1467 ‹lucentibUS‚
1320 1386 1513 1455 tertio
1561 1386 1872 1454 e'usdem
1937 1409 2003 1453 a(
2032 1385 2430 1453 monitionis
2479 1386 2684 1454 verba
2745 1399 3172 1474 repeterem,

613 1474 1006 1544 intellexere
1057 1474 1158 1543 illi
1204 1474 1370 1560 quia
1405 1496 1538 1542 non
1592 1409 1847 1542 irustra
1896 1474 2064 1542 haec
2112 1486 2249 1542 tam
2313 1473 2617 1543 studiose
2673 1495 3114 1563 suggererem
3150 1497 3171 1538 ε

611 1574 676 1633 et
726 1575 1271 1652 expavescentes,
1338 1563 1696 1631 dicebant:
1735 1562 2162 1642 «FaciamuS,
2207 1573 2285 1630 ut
2332 1561 2536 1630 doces
2583 1563 2747 1649 quia
2797 1562 3219 1631 necessitas-

613 1673 866 1739 magna
904 1650 1102 1719 nobis
1152 1651 1515 1729 incumbit,
1570 1662 1648 1719 ut
1696 1662 1933 1719 contra
1996 1649 2287 1718 insidias
2337 1649 2595 1718 diaboli
2648 1662 2712 1718 et
2759 1650 2998 1718 omnia
3029 1662 3181 1718 ten—

612 1750 913 1808 tamenta
943 1760 1215 1827 semper
1243 1738 1535 1807 accincti
1567 1738 2017 1827 spiritualiter
2049 1738 2489 1829 vigilemus»
2519 1743 2698 1807 Haec
2732 1737 2972 1806 dicens
3016 1759 3172 1827 ego,

612 1826 1033 1905 nesciebam,
1074 1828 1252 1895 sicut
1291 1848 1414 1895 nec
1467 1826 1568 1894 illi
1616 1826 1878 1912 aliquid
1916 1827 2114 1895 nobis
2163 1848 2617 1896 occursurum
2679 1848 2895 1895 novae
2952 1838 3180 1895 tenta-

614 1915 874 1984 tionis:
929 1914 1047 1983 sed
1099 1927 1366 1983 tantum
1433 1914 1770 1983 instinctu
1820 1915 2068 1984 mentis
2139 1915 2538 1984 admonitus
2587 1936 2740 1983 sum
2775 1969 2790 1994 ,
2846 1914 3185 1985 adversus

617 2004 882 2072 subitas
932 2004 1387 2083 tentationum
1424 2002 1761 2091 procellas
1794 2015 2044 2071 statum
2096 2003 2325 2071 cordis
2356 2024 2628 2102 semper
2655 2024 2804 2071 esse
2854 2003 3186 2070 munien-

618 2092 819 2160 dum.-
857 2091 983 2160 Sed
1034 2091 1155 2161 ubi
1209 2091 1455 2159 reversi
1507 2113 1546 2158 a
1596 2112 1741 2171 me,
1806 2113 2010 2159 mane
2058 2090 2142 2157 ad
2215 2112 2447 2171 suum,
2503 2091 2571 2157 1d
2620 2104 2743 2169 est,
2799 2091 3186 2160 Lindisfar-

618 2201 832 2248 nense
882 2179 1374 2248 monasterium
1422 2179 1798 2258 redierunt,
1837 2201 1993 2248 ecce
2040 2178 2410 2264 quemdam
2461 2177 2545 2246 de
2578 2179 2726 2248 suis
2775 2180 3018 2261 morbo
3058 2201 3186 2268 pe-

620 2267 960 2336 stilentiae
1008 2268 1235 2337 obisse
1310 2269 1684 2356 reperiunt.
1742 2274 1815 2336 Et
1864 2279 2208 2335 crescente
2269 2289 2348 2334 ac
2398 2266 2736 2334 saeviente
2798 2289 2921 2356 per
2981 2267 3177 2347 dies,

616 2356 832 2431 immo
882 2356 1087 2424 etiam
1141 2377 1261 2445 per
1309 2377 1579 2424 menses
1627 2370 1692 2424 et
1740 2377 2004 2423 annum
2046 2366 2261 2422 totum
2312 2355 2550 2422 eadem
2601 2354 2835 2435 clade,
2891 2356 3184 2424 nobilis·

615 2444 838 2514 simus
888 2444 1001 2512 ille
1031 2457 1301 2532 patrum
1355 2442 1786 2530 fratrumque
1813 2456 2044 2512 coetus
2085 2443 2553 2533 spiritualium
2601 2464 2773 2542 pene
2805 2444 3184 2515 universus

616 2532 937 2622 migravit
984 2533 1070 2601 ad
1122 2533 1515 2601 Dominum.
1571 2538 1648 2600 Et
1696 2554 1885 2600 nunc
1947 2553 2108 2620 ergo
2181 2532 2423 2602 fratres
2486 2531 2781 2620 vigilate,
2817 2543 2883 2600 et
2931 2554 3051 2601 vos
3106 2533 3182 2601 in

615 2621 1068 2700 orationibuS,
1115 2633 1192 2689 ut
1247 2621 1303 2688 si
1354 2620 1521 2705 quid
1588 2620 1781 2689 vobis
1832 2619 2398 2688 tribulationibus
2455 2619 2815 2709 ingruerit,
2870 2643 2991 2689 vos
3029 2622 3184 2712 jam

665 2720 890 2778 aratos
937 2708 1263 2776 inveniat.
1321 2713 1498 2776 Haec
1533 2707 1801 2775 dicente
1849 2708 2221 2776 venerabili
2279 2707 2579 2776 antistite
2629 2708 3023 2790 CuthbertO,
3071 2731 3185 2777 re·

613 2731 892 2877 gantur,
945 2808 1022 2865 ut
1071 2794 1417 2886 praefatus
1466 2817 1618 2863 sum
1670 2795 1834 2881 quia
1873 2796 1957 2863 de
1998 2795 2223 2864 reditu
2258 2795 2685 2885 pestilentiae
2728 2796 3011 2866 diceret.
3049 2797 3183 2866 Sed

615 2896 771 2974 post
804 2906 1024 2953 unum
1076 2884 1260 2952 diem
1321 2883 1695 2953 adveniens
1727 2884 1848 2970 qui
1897 2884 2165 2972 fugerat
2197 2905 2234 2952 e
2281 2883 2497 2965 bell0,
2551 2884 2823 2953 occulta
2893 2886 3024 2954 viri
3066 2886 3187 2955 Dei

615 2973 942 3041 vaticinia
990 2972 1263 3040 miseris
1309 2971 1690 3060 exponebat
1736 2971 2052 3058 eloquiis.
2091 2972 2600 3058 Probatumque
2647 2985 2773 3044 est.
2830 2973 2992 3063 ipsa
3037 2972 3176 3052 die,

614 3061 994 3145 eademque
1042 3060 1211 3127 hora
1256 3081 1395 3144 qua
1435 3059 1577 3128 viro
1627 3060 1743 3128 Dei
1766 3061 1966 3148 juxta
2017 3075 2301 3148 puteum
2352 3062 2559 3129 stanti
2608 3061 2991 3131 revelatum
3048 3073 3177 3140 est,

615 3148 833 3218 caesis
873 3148 1135 3216 circum
1188 3147 1551 3227 tutoribus,
1608 3170 1838 3236 regem
1889 3147 2115 3218 hostili
2169 3148 2399 3239 gladio
2457 3148 2672 3218 fuisse
2723 3160 3177 3239 prostratum.

705 3237 741 3322 ἓ
795 3240 947 3306 82.
1002 3241 1144 3305 Non
1195 3235 1410 3304 multo
1441 3248 1590 3325 post
1639 3248 1967 3326 tempore,
2031 3235 2234 3325 idem⁴
2269 3236 2577 3306 famulus
2639 3239 2915 3306 Domini
2965 3238 3185 3307 Cuth-

613 3325 851 3392 bertus
898 3322 982 3390 ad
1051 3323 1338 3392 eandem
1392 3325 1848 3415 Lugubaliam
1897 3324 2240 3393 civitatem
2308 3336 2589 3414 rogatus
2648 3325 2952 3406 advenit,
3006 3348 3182 3412 qua-

616 3423 820 3482 tenus
868 3411 1125 3480 ibidem
1161 3412 1545 3483 sacerdotes
1608 3433 2033 3492 consecrare,
2082 3413 2198 3480 sed
2250 3425 2315 3481 et
2364 3414 2385 3480 i
2441 3435 2586 3481 sam
2630 3414 2968 3503 reginam,
3022 3414 3184 3484 dato

618 3500 862 3569 habitu
909 3513 1186 3568 sanctae
1257 3500 1821 3580 conversationis,
1894 3500 2299 3570 benedicere
2413 3502 2663 3571 eberet.
2739 3507 2897 3571 Erat
2946 3513 3185 3571 autem

618 3589 976 3679 presbyter
1022 3588 1197 3656 vitae
1235 3590 1671 3667 venerabilis,
1732 3588 2011 3657 nomine
2067 3589 2503 3671 HeribertuS,
2549 3589 2978 3678 jamdudum
3037 3590 3184 3659 viro

617 3677 738 3745 Dei
786 3676 1150 3745 Cuthberto
1199 3677 1581 3765 spiritualis
1631 3677 1977 3745 amicitiae
2026 3675 2296 3747 foedere
2344 3677 2735 3777 copulatuS‚
2775 3680 2897 3764 qui
2954 3678 3024 3746 in
3079 3679 3190 3746 in-

621 3765 776 3833 sula
810 3764 1032 3855 stagni
1084 3764 1274 3833 illius
1311 3764 1744 3853 pergrandis,
1800 3764 1884 3832 de
1933 3786 2070 3850 quo
2121 3765 2608 3836 Derwenttonis
2639 3767 2833 3835 fluvii
2884 3768 3187 3857 primor-

621 3852 740 3920 dia
775 3863 1176 3942 erumpunt,
1216 3853 1423 3920 vitam
1474 3852 1856 3922 solitariam
1906 3853 2192 3934 ducens,
2251 3854 2455 3929 annis
2511 3854 2812 3944 singulis
2860 3855 2948 3923 ad
3023 3855 3192 3924 eum'

618 3940 853 4009 venire
911 3952 974 4009 et
1023 3940 1284 4009 monita
1332 3940 1577 4009 salutis
1645 3953 2015 4030 perpetuae
2062 3942 2149 4010 ab
2206 3963 2284 4011 eo
2333 3941 2647 4032 accipere
2708 3955 3187 4012 consueverat.

623 4028 749 4097 Hic
782 4051 941 4098 cum
985 4029 1291 4097 audisset
1336 4049 1495 4096 eum
1546 4027 1668 4097 illa
1699 4028 1770 4097 in
1812 4030 2082 4099 civitate
2122 4030 2579 4111 demoratum,
2625 4031 2810 4099 venit
2840 4054 2920 4100 ex
2969 4052 3187 4112 more,

621 4117 912 4207 cupiens
979 4116 1403 4185 salutaribus
1464 4117 1614 4205 ejus
1690 4117 2284 4188 exhortationibus
2344 4118 2429 4188 ad
2490 4140 2796 4274 sugerna
2843 4118 3198 4188 desideria

619 4205 844 4294 magis
882 4204 1253 4293 ‘magisque
1320 4204 1764 4273 inflammari.
1830 4207 1960 4288 Qui
2018 4207 2189 4275 dum
2267 4228 2415 4276 sese
2482 4206 2575 4276 alt
2624 4219 2894 4277 rutrum
2974 4208 3196 4276 coele-

622 4292 744 4361 stis
794 4292 1172 4381 sapientiae
1216 4292 1483 4380 poculis
1531 4293 1969 4376 debriarent,
2036 4295 2208 4370 dixit
2254 4295 2431 4364 inter
2495 4296 2630 4364 alia
2719 4295 3192 4366 Cuthbertus:

626 4404 653 4443 ι
693 4384 1051 4460 MementO,
1113 4378 1320 4449 frater
1366 4381 1742 4464 Heriberte,
1781 4394 1860 4453 ut
1905 4383 2111 4453 modo
2158 4382 2492 4472 quicquid
2531 4405 2713 4474 opus
2775 4384 3015 4467 habes²
3080 4405 3196 4457 me
