3327 4999
695 242 823 307 662
1393 261 1472 307 nii
1519 262 1574 308 s,
1626 261 1869 309 somnii
1915 258 2144 309 cirion.
2198 256 2341 306 nnc.
2665 238 2771 304 EX
2817 236 2989 304 OCT.
3051 238 3156 304 10

610 338 788 410 Giezi
838 361 1129 430 puerum
1179 362 1336 410 cum
1390 341 1635 411 baculo
1686 339 2198 419 mittentemad
2245 336 2684 409 excitandum
2733 346 3147 437 mortuum:

609 429 729 498 ubi
780 439 1003 497 tamen
1055 429 1122 497 id
1174 429 1472 509 interest,
1524 431 1705 518 quod
1757 431 1975 501 Eliseo
2021 429 2320 507 absente,
2375 425 2549 496 nihil
2598 425 2883 517 profecit
2919 426 3147 495 Giezi:

612 531 680 586 at
729 528 959 588 nostro
1003 523 1268 587 Joanne
1315 518 1518 590 etiam
1569 520 1850 590 absente
1882 575 1898 599 ,
1953 520 2038 589 ad
2088 516 2332 588 famuli
2378 528 2770 586 contactum
2821 515 3159 584 restituta

610 617 710 675 est
757 605 1028 697 puellae
1075 607 1356 677 sanitas.

696 696 910 782 §12
962 693 1105 764 Alio
1153 707 1456 787 tempore
1503 696 1872 768 foeminam
1904 720 1941 767 e
1969 696 2277 767 febribus
2314 694 2513 764 valde
2544 693 2967 764 laborantem
3009 714 3153 762 cu-

609 784 781 853 ravit
813 783 1135 874 precibus
1190 786 1358 856 suis.
1414 787 1706 858 Accessit
1751 787 2166 875 quandoque
2212 785 2294 856 ad
2348 782 2744 876 granarium
2783 836 2798 865 ‚
2850 792 2916 851 et
2970 804 3150 852 cum

611 871 888 942 vidisset
934 894 1305 964 perparum
1355 875 1497 945 illic
1547 877 1781 946 haberi
1828 876 2180 955 frumenti,
2232 873 2417 963 quod
2450 872 2777 942 fratribus
2809 870 3144 941 sufficere

611 983 747 1030 non
799 974 1044 1052 posset,
1084 963 1179 1032 ait
1225 964 1309 1033 ad
1361 964 1734 1035 ministros:
1771 989 1808 1033 «
1842 971 2285 1036 Frumentum
2334 963 2560 1033 isthuc
2609 961 2973 1060 diligenter
3018 982 3144 1030 as·

613 1063 895 1131 servate,
946 1052 1060 1121 cui
1112 1058 1288 1123 Deus
1334 1053 1436 1123 lar
1485 1077 1524 1123 a
1561 1077 1774 1124 manu
1813 1054 2021 1125 addat
2066 1052 2610 1126 benedictionem
2658 1072 2880 1132 suam,
2921 1048 3147 1119 illud-

610 1160 744 1296 ?ue
791 1151 1036 1230 augeat
1081 1154 1145 1211 et
1185 1141 1430 1234 multip
1466 1144 1662 1213 icet.»
1697 1149 1839 1214 Non
1889 1144 2017 1214 fuit
2063 1142 2291 1214 inanis
2338 1141 2509 1212 tanti
2556 1139 2684 1210 viri
2714 1138 3138 1228 deprecati0‚

640 1240 954 1299 rumento
1002 1229 1120 1300 illo
1168 1232 1508 1303 intantum
1552 1246 1775 1315 aucto,
1824 1244 1901 1303 ut
1948 1232 2181 1304 decem
2231 1231 2544 1323 partibus
2592 1228 2886 1320 priorem
2937 1250 3143 1297 men-

611 1340 856 1387 suram.
894 1320 1263 1391 excederet.
1306 1321 1611 1392 Eundem
1651 1323 1721 1391 in
1772 1321 2054 1392 modum
2110 1332 2343 1412 postea
2379 1320 2584 1390 etiam
2626 1316 2958 1388 hordeum
3010 1339 3144 1387 au-

612 1418 800 1477 ctum
841 1419 965 1478 est.

698 1497 734 1583 §
780 1499 918 1568 18.
974 1496 1378 1568 Adveniente
1426 1510 1650 1570 autem
1705 1511 2029 1593 tempore,
2064 1521 2201 1587 quo
2233 1509 2469 1569 sancta
2506 1498 2656 1588 ejus
2702 1495 2934 1566 anima
2982 1508 3146 1587 post

611 1596 1019 1676 reportatam
1081 1587 1167 1656 ab
1216 1588 1407 1658 hoste
1453 1589 1829 1671 victoriani,
1868 1590 2061 1660 sedes
2094 1589 2441 1659 aethereas
2488 1597 2926 1678 penetratura
2961 1596 3136 1667 erat,

612 1685 798 1775 peste
846 1687 1201 1767 correptus
1233 1687 1333 1746 est
1364 1678 1431 1746 in
1470 1676 1699 1748 latere.
1737 1679 2092 1749 Venientes
2125 1678 2338 1769 igitur
2366 1676 2450 1746 ad
2483 1699 2555 1747 se
2585 1675 2849 1755 fratres,
2889 1674 3133 1744 morbo

610 1776 1160 1854 ingravescente,
1223 1766 1462 1856 paucis
1519 1767 1941 1849 hortabatur,
1993 1779 2069 1837 ut
2119 1766 2550 1847 humilitatis,
2606 1762 3018 1834 concordiae
3074 1775 3135 1833 et

610 1852 1034 1923 obedientiae
1072 1854 1231 1941 jura
1280 1876 1550 1946 semper
1598 1856 1832 1926 illaesa
1880 1868 2247 1937 servarent,
2304 1868 2505 1941 atque
2559 1875 2679 1945 per
2732 1851 3131 1922 charitatem

612 1941 1002 2024 unanimeS,
1041 1955 1291 2013 statuta
1339 1946 1718 2016 monastica
1764 1946 1966 2015 etiam
2006 1945 2294 2014 minima
2326 1944 2643 2034 religiose
2673 1940 3122 2023 custodirent,

611 2029 763 2121 ipso
801 2029 1144 2112 defuncto,
1200 2033 1626 2115 concorditer
1671 2035 1998 2125 eligerent
2046 2045 2410 2124 pastorem,
2445 2033 2566 2120 qui
2616 2029 2971 2100 charitatis
2999 2029 3137 2100 elo·

616 2118 800 2206 quiis
850 2142 1125 2211 gregem
1175 2120 1372 2192 illum
1422 2123 1891 2205 confirmaret,
1947 2123 2268 2214 dirigeret
2319 2144 2398 2191 ac
2455 2132 2776 2191 tueretur.
2837 2123 2916 2189 Et
2970 2140 3136 2188 cum

609 2208 679 2276 in
734 2216 1041 2278 mentem*
1077 2210 1137 2279 ei
1188 2211 1501 2293 venisset,
1551 2212 1853 2283 noluisse
1906 2211 2243 2284 Christum
2313 2211 2382 2280 in
2432 2210 2716 2281 domum
2753 2207 2975 2299 reguli
3026 2208 3135 2277 in·-

610 2308 811 2379 trare,
846 2319 932 2367 ne
984 2297 1255 2373 divitias
1311 2300 1657 2393 suscipere
1709 2301 2072 2372 videretur:
2111 2311 2176 2371 et
2230 2299 2507 2369 divitem
2564 2297 2942 2389 Epulonem
2973 2319 3135 2367 cru-

609 2385 777 2456 ciari
836 2387 1019 2479 apud
1082 2388 1356 2472 inferOS,
1410 2395 1735 2461 Lazarum
1788 2391 1855 2462 in
1909 2391 2066 2461 sinu
2111 2389 2416 2460 Abrahae
2461 2387 2833 2476 quiescere,
2887 2386 3136 2457 acriter

612 2476 683 2545 in
733 2475 1127 2549 divitiarum
1190 2502 1492 2550 amorem
1550 2480 1900 2564 invectuS,
1951 2503 2066 2551 eas
2113 2502 2239 2551 suo
2285 2477 2594 2569 exemplo
2641 2476 2928 2548 docebat
2972 2482 3162 2547 con-'

613 2567 1040 2648 temnendaS,
1091 2568 1186 2638 ita
1233 2569 1687 2660 subjungens:
1739 2594 1785 2637 .«
1815 2570 1974 2640 Auri
2022 2569 2292 2661 copiam
2341 2580 2573 2638 nostra
2617 2588 2950 2637 crumena
2991 2587 3126 2633 non

612 2654 836 2738 habet,
892 2679 1015 2726 nec
1063 2668 1314 2736 tamen,
1355 2657 1617 2729 Christo
1668 2680 1792 2728 nos
1845 2658 2233 2749 adJuvante,
2296 2658 2666 2746 quicquam
2717 2655 2845 2725 ulli
2907 2653 3129 2753 horni-

611 2765 779 2813 num
830 2745 1182 2815 debemus
1248 2746 1723 2817 Animadverto
1769 2747 2088 2835 quidem,
2141 2769 2266 2816 nos
2316 2769 2451 2816 non
2522 2744 2866 2836 placuisse
2913 2765 3133 2842 omni-

612 2832 766 2901 bus:
820 2833 935 2903 sed
988 2845 1213 2904 tamen
1261 2855 1399 2921 qua
1459 2836 1716 2905 ratione
1763 2836 1979 2906 functi
2023 2836 2244 2905 simus
2287 2856 2571 2906 munere
2619 2846 2873 2915 nostr0,
2931 2843 3134 2902 certis

609 2920 909 3003 indiciis,
966 2944 1073 2991 me
1118 2922 1460 3005 defuncto,
1514 2925 1970 3014 cognoscetis:
2024 2946 2268 3012 resque
2314 2924 2465 3015 ipsa
2544 2942 3119 3010 uorumcumque,

609 3009 897 3079 infensis
942 3010 1195 3081 animis
1242 3011 1416 3081 facta
1466 3025 1695 3083 nostra
1742 3014 2197 3105 carpentium,
2229 3035 2348 3083 ora
2395 3035 2515 3083 occ
2547 3011 2775 3082 udet.»

620 3185 631 3197 ι
699 3099 735 3185 ἓ
781 3103 932 3171 19.
1012 3100 1133 3168 His
1179 3099 1535 3183 absolutiS‚
1588 3124 1749 3172 cum
1801 3103 2022 3194 magis
2074 3102 2429 3194 magisque
2484 3100 2881 3193 pestiferum
2940 3099 3127 3169 virus

615 3201 1044 3269 incresceret,
1101 3187 1215 3259 ille
1261 3188 1485 3260 cilicio
1532 3191 1617 3260 ad
1670 3191 1926 3261 nudam
1962 3214 2238 3262 carnem
2288 3192 2598 3273 indutuS‚
2638 3188 2945 3260 celeriter
2993 3186 3134 3257 dis·

613 3275 782 3344 solvi
831 3277 1172 3369 cupiebat,
1216 3291 1280 3348 et
1326 3301 1474 3348 esse
1521 3303 1682 3351 cum
1732 3281 2016 3351 Christo.
2072 3280 2473 3371 Supervenit
2534 3290 2763 3350 autem
2820 3275 3134 3347 medicus

610 3365 917 3451 quidam,
969 3367 1089 3455 qui
1139 3366 1538 3439 hortabatur
1575 3392 1733 3440 euin
1777 3370 2157 3441 remedium
2214 3370 2524 3462 accipere
2570 3368 2902 3439 adversus
2952 3387 3128 3434 mor·

613 3453 778 3524 bum
830 3455 1054 3537 illum,
1097 3478 1231 3527 non
1279 3457 1459 3545 quod
1504 3472 1805 3550 speraret
1851 3460 2015 3550 pelli
2061 3480 2218 3529 eum
2273 3481 2491 3560 posse,
2546 3457 2663 3528 sed
2701 3469 2779 3528 ut
2825 3455 2907 3525 ad
2962 3466 3124 3524 tem-

614 3564 746 3633 pus
806 3546 1208 3617 mitesceret.
1249 3548 1367 3616 Cui
1417 3561 1696 3618 sanctus
1746 3548 1871 3617 vir:
1932 3576 1955 3608 κ
1999 3548 2066 3618 si
2112 3569 2416 3629 omnino,
2470 3547 2736 3635 inquit,
2793 3542 3127 3616 sumenda

611 3644 711 3701 est
760 3634 1122 3714 medicina,
1224 3638 1397 3705 arati
1443 3659 1687 3708 sumus
1720 3637 2075 3707 humiliter
2101 3638 2399 3708 obedire:
2447 3658 2709 3706 memor
2755 3635 2941 3706 enim
2988 3643 3125 3703 erat

610 3722 911 3812 regulae,
965 3724 1063 3794 sic
1086 3725 1171 3814 ju
1220 3726 1419 3794 entis:
1475 3726 1618 3796 Fiat
1665 3726 1811 3796 sine
1852 3748 2207 3797 murmure
2254 3727 2338 3796 de
2384 3725 2674 3796 consilio
2720 3722 3120 3803 medicinae,

609 3823 673 3879 et
720 3813 1070 3899 sequitur:
1116 3815 1362 3895 Faciat,
1432 3816 1613 3902 quod
1672 3815 2061 3885 faciendum
2120 3827 2220 3885 est
2271 3838 2392 3906 pro
2440 3815 2732 3886 salute.»
2765 3819 3124 3911 Postquam

609 3900 790 3968 enim
843 3923 1012 4002 usus
1058 3914 1160 3972 est
1210 3904 1580 3994 pharmaco
1629 3904 1770 3987 illo,
1808 3904 2168 3995 perspicue
2196 3903 2677 3974 animadvertit
2719 3923 2958 3974 omnes
2990 3922 3126 3990 spi-

610 3988 785 4058 ritus
855 3989 1209 4062 interiores
1272 3992 1604 4093 paulatim
1677 3993 2094 4063 reviviscere.
2168 3993 2294 4063 Sed
2355 3993 2714 4084 paulopost
2777 4012 2936 4062 cum
3015 3987 3128 4059 alii

611 4078 868 4181 egressi
906 4092 1154 4162 essent,
1225 4080 1395 4151 dixit
1440 4083 1523 4153 ad
1576 4082 2063 4173 Capellanum:
2105 4083 2374 4154 «Sentio
2422 4084 2570 4173 jam
2600 4137 2615 4162 ,
2659 4093 2738 4151 ut
2784 4078 3123 4149 medicina

611 4191 747 4238 vim
790 4168 1009 4238 morbi
1058 4192 1097 4237 a
1144 4170 1346 4240 corde
1393 4170 1757 4273 depulerit,
1787 4183 1854 4241 at
1888 4184 2112 4241 tamen
2161 4172 2351 4242 adest
2384 4193 2546 4262 prae
2574 4170 2837 4242 foribus
2870 4190 3124 4238 mors.»

614 4259 720 4327 Sic
770 4256 981 4348 igitur
1027 4258 1248 4329 tribus
1311 4261 1658 4332 continuis
1710 4260 1954 4331 diebus
2013 4261 2459 4343 decumbens,
2516 4281 2718 4351 saepe
2773 4258 3124 4328 beatorum

620 4348 988 4438 spirituum
1051 4347 1434 4419 visitatione
1488 4361 1553 4420 et
1616 4349 2024 4421 coelestibus
2078 4351 2460 4422 visionibus
2531 4347 2950 4421 confortatus
3002 4357 3122 4427 est,
